2992 4900
413 273 479 340 sn
503 273 576 340 oa.
598 273 783 342 conans
806 225 1001 342 nsnmn.
1253 253 1280 333 5

175 436 303 516 plorata,
323 436 385 496 utri
408 436 477 498 loco
499 438 666 514 argumenti
686 457 721 499 ea
740 441 822 518 ῥῆσις
845 437 1000 499 decentius
1019 435 1202 512 conveniret)
1214 455 1278 496 ver·

178 529 225 588 bis
248 527 407 607 ipsissimis
428 537 460 588 et
488 525 680 590 disertissima
707 532 840 591 oratione
864 540 988 608 repetat.
1011 529 1211 590 verosimilius
1234 540 1280 590 est

178 622 287 694 multo,
298 621 366 680 haec
388 640 425 680 cx
449 622 655 694 inconstantia,
672 631 703 682 ut
717 623 788 696 dixi,
812 623 952 682 Auctoris
973 622 1117 701 profecta,
1133 623 1184 700 qui
1205 641 1279 681 non.

178 714 250 772 dum
270 733 332 773 rem
357 713 396 773 ad
419 714 529 774 exitum
544 715 733 794 perduxerat,
747 735 836 793 quam
857 715 992 785 consilio,
1008 725 1038 774 et
1058 733 1113 774 usu
1135 725 1277 788 veterum,

177 816 211 866 ut
222 816 351 885 nugatur
364 807 552 870 Scholiastes.
594 808 655 877 Qui
672 818 830 886 utrumque
850 809 949 868 locum
962 808 1201 886 expensitaverit,
1217 828 1278 868 me·

176 919 246 960 cum
259 901 377 960 sentiet.
419 899 549 961 Criticus
563 901 830 978 exscriptoribus
839 901 987 960 memoriae
998 901 1140 978 prodidit,
1152 901 1277 959 multmn

174 993 207 1053 in
229 993 287 1054 hac
310 992 444 1052 cutione
466 991 628 1070 profecisse
658 995 887 1052 Demosthenem
901 1013 938 1053 ex
967 994 1063 1072 Lysia,
1083 993 1218 1076 Lycurgo
1245 1002 1277 1052 et

176 1085 266 1146 Isto.
306 1083 492 1164 Δημοσθένης
509 1089 552 1152 ele
571 1085 621 1146 τὸν
635 1091 706 1144 sturd
719 1084 837 1145 Meidios
846 1085 881 1144 rai
895 1107 925 1144 rr
933 1083 1045 1145 Accion
1055 1087 1100 1143 acl
1108 1084 1277 1164 Λυκοῦργον

175 1179 208 1238 r’r
229 1187 288 1237 τῶν
305 1187 353 1246 τῆς
367 1173 478 1256 ὕβρεως
491 1175 598 1252 λόγων,
611 1180 656 1236 καὶ
670 1182 708 1238 rd
720 1177 828 1237 Ἰσαῖον
839 1178 869 1237 ἐκ
882 1187 938 1236 τῶν
951 1181 1023 1236 cord
1035 1178 1185 1243 Διοκλέους
1195 1175 1278 1258 ὕβρε-

176 1295 218 1339 ως
235 1273 418 1348 μετενήνοχε.
459 1269 555 1330 Theo.
571 1270 728 1348 Progymn.

216 1361 359 1424 Instituta
368 1361 427 1420 tuis
436 1360 502 1422 haec
516 1380 617 1440 causa,
631 1381 699 1422 cum
713 1361 929 1421 Demosthenes
943 1380 1053 1420 annum
1066 1362 1163 1422 astatis
1177 1372 1278 1441 ageret

176 1462 228 1516 88.
268 1453 339 1512 Idoc
358 1452 554 1514 disertissime
584 1463 707 1515 testatur
732 1453 908 1514 Plutarchus
937 1454 968 1514 in
993 1455 1062 1528 rita,
1085 1466 1177 1532 atque
1200 1456 1277 1516 adeo

177 1549 292 1608 Orator
305 1545 379 1625 ipse,
407 1553 429 1614 t.
452 1543 512 1626 py‘.
531 1544 611 1615 circe
628 1547 680 1624 (de
701 1547 798 1608 Midia
823 1546 916 1608 rerba
936 1549 1063 1624 iaciens)
1081 1555 1207 1625 γεγονὼς
1229 1550 1275 1625 ἔπι

175 1645 240 1721 rapi
254 1643 437 1713 πεντήκοντα,
449 1637 530 1700 oldis
542 1641 611 1719 ἐμοῦ
624 1645 739 1709 πλείοις
753 1646 935 1720 λειτουργίας
955 1643 1022 1720 ὑμῖν
1040 1646 1277 1722 λελιιτοῦργηκιν,

177 1737 212 1802 ὃς
228 1733 278 1792 δίο
294 1737 341 1792 sul
354 1731 502 1812 τριάκοντα
517 1731 564 1805 ἔτη
576 1739 697 1809 γέγονα.
738 1733 965 1794 Iustseundem
978 1734 1179 1812 Plutarchum,
1195 1738 1278 1796 Zosi-

176 1845 268 1897 ιιιω,
285 1825 364 1884 Vitas
380 1825 558 1902 Scriptores,
581 1825 757 1905 Dionysium
771 1825 867 1884 Halic.
880 1835 1065 1904 caeterosque
1079 1826 1140 1888 fide
1159 1829 1276 1905 dignos,

175 1927 265 1978 natus
274 1923 341 1978 crat
356 1917 572 1978 Demosthenes
585 1935 674 1990 auno,
695 1918 748 1997 qui
763 1917 962 1977 Centesimum
985 1920 1195 1998 Olympiadem
1209 1940 1278 2000 pro·

175 2010 256 2070 aisne
269 2009 419 2078 anteibatr
441 2009 481 2068 ita
493 2017 527 2069 ut
539 2009 605 2070 haec
619 2009 727 2082 Causa
748 2029 813 2069 eam
829 2029 889 2068 rem
904 2018 986 2068 recte
1006 2021 1186 2089 supputante
1206 2015 1276 2072 eod.

177 2101 336 2182 Dionysio,
354 2103 388 2160 in
416 2119 524 2162 annuns
546 2111 686 2180 quartum
706 2103 830 2182 Olymp.
854 2101 953 2162 cvn.
976 2102 1108 2173 caderet,
1134 2103 1277 2164 archonte

174 2194 303 2256 Athenis
318 2194 510 2255 Callimacho.
541 2201 624 2257 Kurd
646 2203 746 2256 τοῦτον
765 2199 929 2275 γέγραπται
949 2195 999 2256 τὸν
1012 2197 1160 2276 Ἄρχοντα
1174 2198 1279 2275 [Calli-

174 2287 330 2371 maehum]
357 2290 403 2345 καὶ
420 2288 436 2346 d
456 2292 529 2348 acad
554 2287 674 2348 Μειδίου
695 2292 794 2365 λόγος,
811 2291 846 2348 ὃν
865 2289 1034 2360 συνετάξατο
1055 2293 1127 2369 perd
1152 2295 1214 2368 τὸν,
1238 2299 1278 2365 ilr

173 2383 191 2440 sl
205 2379 294 2460 dapne
306 2381 392 2440 nisos
400 2382 643 2460 κατεχειροτόνησε
655 2382 791 2457 (restitue
801 2401 838 2443 ex
858 2382 944 2441 MSS.
957 2385 1032 2459 perd
1045 2385 1098 2454 salv
1111 2403 1278 2465 ιαταχειρο.

172 2476 284 2545 ταινίαν,
298 2475 361 2544 M
375 2473 461 2551 δῆμος
474 2478 560 2533 αὑτοῦ
573 2478 839 2556 κατεχειροτόνησε.)
878 2475 1004 2553 Dionys.
1019 2476 1117 2535 Halic.
1142 2479 1181 2536 ad
1208 2482 1278 2538 Am·

175 2584 296 2627 samam.
320 2564 495 2625 Plutarchus
522 2565 688 2626 inteream
709 2566 778 2627 vitis
802 2568 842 2627 X.
867 2568 1046 2641 Oratorusn,·
1061 2587 1141 2627 anno
1166 2580 1277 2647 quarto

175 2656 299 2738 Olymp.
323 2674 381 2715 aon
401 2656 514 2717 XCIX.
539 2656 592 2717 sed
619 2658 761 2719 xcvsu.
782 2666 883 2719 natum
902 2678 968 2719 esse
987 2661 1101 2721 mavult
1122 2672 1276 2724 auctorem

175 2756 323 2809 nostrum.
350 2748 421 2817 Quo
433 2748 520 2823 duce,
534 2768 651 2809 causans
667 2750 744 2810 hanc
753 2750 949 2827 meditabatur
961 2754 1067 2831 (egisse
1074 2754 1152 2813 enim
1165 2755 1275 2829 dicere,

175 2860 283 2921 parum
305 2848 399 2899 tutans
420 2860 486 2900 esse
507 2840 634 2916 videtur)
652 2862 730 2903 nano
743 2852 874 2911 extremo
888 2844 1009 2923 Olymp.
1029 2846 1108 2905 cvl.
1128 2848 1275 2925 siquidem

177 2932 316 3004 micum,
329 2940 365 2991 ut
374 2932 464 2991 modo
474 2932 611 3011 vidimus,
622 2934 652 2993 in
662 2933 716 3011 jus
725 2937 843 2995 vocarit
855 2955 948 2997 annos
961 2947 1049 2996 natus
1060 2938 1193 2999 XXXll.
1234 2947 1277 3001 At

175 3024 315 3104 proiecto
329 3042 365 3083 es
378 3031 554 3103 tempestate
564 3027 699 3103 plurime
717 3048 755 3088 ex
773 3029 809 3089 iis
820 3029 910 3089 rebus
921 3039 1014 3108 gestas
1034 3050 1093 3091 non
1107 3044 1186 3109 sunt,
1199 3052 1275 3111 quas

175 3116 226 3177 hic
238 3124 272 3175 at
283 3124 382 3193 gestas
393 3117 505 3175 Orator
516 3129 737 3179 commemorat.
760 3121 809 3179 Tu
824 3122 936 3183 interea
948 3140 1020 3183 care
1035 3124 1149 3193 credas,
1161 3128 1276 3187 Plutar-

173 3208 267 3269 chum
281 3208 443 3267 Plutarcho
458 3209 613 3281 adversari,
627 3213 824 3289 (nequeenim
838 3214 1028 3274 Tractatulus
1039 3216 1103 3287 iste,
1121 3236 1210 3294 quem
1225 3220 1276 3280 ha-

175 3297 282 3361 hemus
291 3298 329 3359 de
341 3300 406 3360 vitis
417 3300 455 3359 Χ.
469 3302 639 3377 Oratorem,
652 3302 802 3365 Plutarchi
813 3325 878 3365 esse
890 3312 1001 3383 potest)
1014 3329 1113 3369 serum
1124 3323 1275 3375 recentem

173 3392 307 3470 aliquem
314 3392 502 3469 Scriptorem,
516 3392 664 3455 Plutarchi
676 3400 795 3456 nomine
805 3398 957 3468 ementito,
968 3400 1075 3473 Photii,
1086 3405 1137 3481 qui
1148 3404 1186 3464 de
1199 3406 1274 3465 Vitis

172 3484 337 3545 Oratorem
348 3494 565 3546 commentatus
579 3493 634 3559 est,
652 3486 867 3568 indiligentiam
881 3500 912 3549 et
925 3494 1130 3571 ιἰνιστορησίαν
1142 3498 1274 3559 studiose
1300 3550 1307 3564 .

173 3584 209 3637 ct
220 3574 326 3637 dedita
345 3594 437 3654 spera
461 3576 663 3657 descripsisse,
675 3580 839 3659 aliquando
856 3582 946 3643 etiam
969 3586 1137 3647 nonnullam
1155 3608 1192 3648 ex
1206 3609 1275 3668 pro·

172 3670 243 3750 prio
262 3686 342 3748 pena
366 3668 529 3729 addidisse.
585 3672 631 3731 De
652 3673 787 3733 Samuele
805 3674 915 3747 Petito,
939 3678 1041 3754 quiin
1063 3680 1272 3743 Demosthenis

173 3758 335 3822 Natalibns
346 3759 437 3821 tidem
452 3762 734 3825 Pseudo-Plutarchi
747 3775 891 3846 computo
900 3767 1052 3830 adstruere
1067 3773 1147 3845 velit,
1167 3761 1283 3851 (Attis.

173 3852 267 3933 legg.
279 3852 360 3913 Edit.
373 3854 452 3914 Nos.
466 3874 497 3933 p.
512 3863 582 3919 266.
598 3860 674 3935 seq.)
688 3860 936 3921 commodiorerit
948 3861 1069 3923 dicendi
1084 3866 1178 3928 loeus.

172 3968 179 3982 ·
215 3946 293 4007 lisso
308 3946 398 4007 Actio
406 3949 548 4029 peculiari
562 3952 678 4011 nornine
687 3961 812 4012 vocatur
825 3952 974 4032 Πριβολή.
1015 3959 1062 4019 De
1076 3977 1136 4036 qun
1150 3960 1275 4039 diligen-

171 4044 221 4099 ter
241 4038 348 4113 minas,
367 4048 397 4099 et
417 4040 616 4119 perfunctorie
635 4051 760 4119 tantum,
776 4047 828 4123 qai
849 4046 1117 4126 Jurisprudentiam
1141 4055 1273 4115 Atticam

171 4130 364 4211 profitentur.
404 4132 543 4213 Προβολὴ
562 4144 625 4196 erat
640 4155 677 4196 cx
696 4138 731 4197 iis
748 4138 941 4209 actionibus,
963 4161 1033 4220 quae
1047 4135 1179 4221 publice
1195 4146 1274 4207 dice·

172 4224 291 4297 hams,
306 4225 351 4285 uti
367 4244 404 4285 ea
413 4226 472 4287 hnc
486 4227 618 4288 oratione
632 4230 736 4307 liquet,
750 4232 776 4302 i.
788 4231 823 4291 d.
850 4232 934 4292 'Em
954 4233 982 4295 δὲ
996 4246 1107 4313 πρῶτον
1119 4237 1173 4317 μὲν
1185 4240 1272 4299 ἐκεῖνο

172 4320 224 4377 so:
236 4316 342 4393 ἄδηλος
356 4318 532 4396 ipsira-a‘sc
542 4354 582 4367 -
593 4319 691 4389 diane
712 4321 808 4389 tatae
820 4346 868 4403 pos
881 4338 1019 4403 προσῆκεν
1031 4332 1107 4409 circii
1118 4334 1222 4409 λαχεῖν
1232 4362 1274 4377 -

171 4411 239 4491 airyl
251 4410 404 4495 δημοσία
416 4409 519 4495 κρίνειν
533 4414 630 4477 atros.
644 4422 676 4477 ct
688 4414 808 4491 deiude,
821 4418 845 4477 εἶ
861 4421 903 4497 psl
922 4418 1204 4502 τροὺβαλλόμην
1222 4427 1273 4483 cis·
