2992 4900
367 454 374 465 .
468 400 545 471 nn
565 373 745 469 onnon
756 398 935 519 eoeoN.
1184 382 1263 473 137

158 566 222 623 ure
250 512 358 634 Neque
369 564 470 619 mirem
479 562 711 634 rideripotest,
688 580 713 619 ιι
723 564 828 619 Diones
836 562 912 621 tilia
903 578 966 633 ipsa
975 576 1088 635 quoque
1098 562 1150 619 des
1161 564 1264 621 umoris

159 647 316 702 mtbebits.
353 645 400 699 Sic
415 645 540 701 Metides
556 647 612 702 tilis
622 647 834 709 eratldinerve;
860 646 900 701 aio
911 648 973 715 ipse
982 647 1152 711 Graecorum,
1163 647 1266 703 Helle-

139 738 145 745 ·
158 746 224 783 nem
235 734 315 799 pnes,
324 731 460 799 'uendite
465 731 567 800 'neure
577 730 693 799 peperit.
712 730 752 783 Et
763 730 890 783 videntur
899 728 1004 798 antiqui
1014 728 1264 797 renueremus,

158 812 230 865 sicet
240 818 389 881 uastatos,
404 812 535 867 ἱιιιιιιίιιο
544 812 681 866 vocabulo
691 826 847 883 ιιιιιιριιιο,
859 812 984 881 adeoque
996 810 1086 876 deam,
1096 826 1152 864 non
1166 810 1262 880 deum,

156 894 294 951 nuum.
945 914 948 919 ¹
1046 890 1224 951 ΒοτιιιιΝιι.

192 1092 352 1163 Antequam
370 1092 531 1147 emittamus
548 1092 652 1149 maeuii
670 1094 754 1163 liujus
774 1092 977 1159 tractationem,
993 1092 1077 1147 licent
1094 1089 1160 1147 mihi
1175 1102 1262 1145 enam

157 1174 242 1228 etiam
258 1176 454 1245 ejusnoculam
466 1184 607 1241 excutere,
617 1177 646 1229 in
655 1190 712 1246 qua
723 1175 814 1230 adhud
826 1176 928 1230 hored.
966 1174 1019 1229 nst
1029 1187 1063 1227 ea
1074 1168 1102 1227 id
1114 1174 1204 1228 initio:
1222 1174 1264 1229 der

157 1258 318 1328 rdedpae“
327 1260 504 1329 παρηνέγκατε
506 1259 718 1324 ”victoriace
730 1282 755 1313 π
767 1263 793 1313 λ.
829 1258 967 1311 ΗοοΙοοο
983 1256 1179 1324 etReiskius,'
1171 1254 1261 1311 nuln-

156 1340 229 1403 diee,
240 1346 269 1393 et
280 1342 437 1411 interpretes
454 1343 631 1437 παρηνέγκατε
646 1346 756 1397 vertent
763 1340 976 1425 preter-misistis
991 1342 1037 1409 (eo
1052 1340 1125 1393 onim
1137 1338 1208 1392 redit
1219 1339 1260 1393 H.

156 1422 312 1477 Woldi:“
324 1439 468 1478 secrauon
480 1426 509 1478 in
522 1430 643 1495 tempore
658 1442 718 1479 esse
729 1424 819 1481 iecte''
837 1430 866 1478 et
880 1404 1014 1493 Aug'eri‘
1016 1419 1076 1475 ‘les
1091 1410 1262 1490 sacriticas-

91 1562 96 1571 .
155 1502 230 1558 n'oet
247 1523 299 1575 pss
316 1497 362 1559 itd
376 1507 438 1559 iaits
450 1508 467 1560 d
478 1508 557 1561 tems.
559 1506 588 1578 ”)
598 1503 665 1563 nihil
682 1507 780 1563 morati
795 1495 967 1562 insolentiam
985 1519 1082 1559 sensus
1098 1502 1162 1556 huie
1179 1518 1262 1559 roon-

156 1583 338 1641 belotributi.
366 1588 699 1659 Quaudoenimunqnnm
710 1591 863 1662 παραφέρειν
872 1586 1034 1657 significavit
1041 1584 1261 1657 pretermitteret

154 1665 309 1738 Sophenen
320 1670 349 1723 iu
359 1664 504 1725 Thesauro
515 1672 551 1724 nd
563 1666 634 1725 banc
644 1689 740 1727 nocem
753 1670 807 1729 loci
824 1670 907 1727 nostri
921 1687 974 1725 neu
989 1668 1122 1734 meminit,
1133 1685 1196 1722 cum
1209 1668 1263 1723 ire-

155 1768 241 1821 quens
249 1757 374 1806 ceterum
388 1754 422 1805 sit
433 1754 509 1823 apud
522 1772 585 1809 eum
598 1752 732 1809 Midianae
745 1756 857 1811 mentio.
875 1754 1009 1809 Attamen
1021 1752 1068 1807 illc
1080 1768 1143 1806 eum
1153 1752 1262 1807 Budaeo

154 1850 265 1888 sensum
278 1834 404 1902 agnoscit
415 1836 553 1901 vocabuli,
565 1836 638 1900 huie,
647 1854 731 1907 quem
740 1838 818 1893 ῑοοιιι
830 1837 921 1906 poscit
932 1841 1033 1899 uester,
1043 1834 1160 1889 affinem.
1180 1826 1264 1889 “Pe-

154 1916 245 1969 niter'
253 1916 347 1986 inquit
365 1919 383 1946 “
394 1930 444 1985 pro
453 1928 582 1989 pretereo
596 1935 635 1971 ex
646 1918 778 1987 Xenoph.
795 1920 830 1973 de
847 1921 938 1988 lepore
950 1914 1091 1972 currente”
1101 1912 1156 1985 (cst
1167 1920 1263 1971 autem

154 1996 187 2051 tie
198 1998 357 2052 venatione
368 2014 398 2067 p.
408 2002 471 2053 9⁸2.
484 1999 534 2065 A.)
551 2001 654 2063 “eniri
670 2000 783 2053 notente
798 2006 863 2071 πρὸς
875 2005 905 2054 rd
922 2002 1093 2069 ἀμβλυωπεῖν
1104 2002 1175 2067 udrqi
1192 2000 1263 2053 nont

154 2083 341 2149 συμβάλλεται.
357 2086 425 2149 παχὺ
441 2084 490 2150 γὰρ
502 2080 626 2133 ἑκάστοθ’
643 2082 779 2152 παραφέρει
797 2086 813 2113 “
826 2086 877 2149 τὴν
892 2082 953 2151 ὄψιν
969 2084 1031 2152 πρὶν
1049 2085 1142 2143 νοῆσαι
1156 2084 1181 2133 ri
1196 2083 1260 2138 iere.

153 2158 186 2215 Id
198 2169 249 2227 est,
261 2164 371 2232 inquit'
380 2160 529 2235 (Budaeus)
546 2167 564 2194 “
574 2161 811 2233 Praetergreditur,
821 2164 1053 2221 Praetcrlnbitur.”
1089 2154 1153 2229 Quo
1164 2168 1261 2221 sutem

150 2245 209 2311 jure
221 2245 250 2299 in
263 2246 397 2312 hocloco,
409 2262 492 2315 quem
504 2246 593 2299 solnm
605 2245 687 2313 hujus
701 2262 798 2301 sensus
815 2250 914 2301 testem
932 2245 1028 2310 citant,
1044 2244 1096 2300 sibi
1111 2261 1261 2323 agnoscere

152 2327 296 2383 rideantur
305 2328 431 2382 Budaeus
439 2331 468 2382 et
476 2328 631 2399 Stephanus
641 2329 712 2384 hauc
722 2329 855 2383 venabuli
866 2330 931 2396 nim,
943 2329 1073 2398 equidem
1081 2344 1127 2383 me
1135 2328 1261 2399 ignorare

152 2408 247 2465 isteer.
283 2410 465 2464 leunclavius
475 2410 587 2481 quidem
600 2426 665 2467 eum
674 2407 709 2466 iis
721 2426 777 2466 non
788 2408 862 2477 iecit,
873 2410 911 2465 its
922 2410 1040 2466 reddens
1052 2411 1142 2466 locum
1154 2418 1260 2486 ταχο-

151 2496 219 2547 ne:
239 2497 257 2524 “
270 2491 345 2546 Nam
357 2493 482 2547 celeriter
492 2495 528 2548 ab
543 2494 654 2562 objecto
665 2493 763 2566 queris
775 2495 870 2550 oculos
886 2493 959 2565 prius
976 2496 1081 2564 uuerde,
1095 2513 1180 2566 quam
1191 2496 1261 2568 quid

151 2578 193 2641 sit,
214 2574 444 2631 animaduertat.”
485 2576 608 2631 'l'antum
628 2583 702 2632 certe
725 2577 876 2646 intelligere
898 2577 965 2652 milri
985 2578 1095 2632 uideor:
1124 2579 1260 2648 Budreus,

151 2674 271 2729 cumque
283 2676 318 2711 ee
331 2658 498 2727 Stephanus,
510 2659 624 2714 sortasse
641 2661 701 2729 ὄψιν
713 2657 820 2730 passive
831 2658 994 2728 accipiebat,
1006 2659 1127 2731 indeque
1139 2660 1259 2730 pendere
1323 2697 1326 2702 -

106 2749 109 2754 ·
151 2741 268 2810 putebat
285 2739 436 2808 genitivum
457 2739 572 2796 ἑκάστου.
609 2743 708 2812 Ipsum
727 2741 916 2796 accusativum
936 2741 997 2810 ede
1015 2743 1054 2795 ita
1073 2748 1111 2811 πρϊ
1122 2744 1261 2815 παραφέρει

148 2821 294 2890 iungebat,
316 2827 349 2877 ut
368 2822 529 2892 intelligeret
548 2823 663 2878 sormam
681 2823 816 2894 loquendi
836 2823 888 2876 hoc
910 2824 1008 2878 modo:
1036 2825 1259 2900 praetergreditur

151 2905 315 2974 adspectum
327 2903 542 2974 uniuscujusque
554 2903 602 2960 rei.
638 2906 673 2960 ld
684 2921 769 2976 quem
781 2910 857 2958 recto
872 2905 977 2974 fecerit,
989 2905 1090 2960 nescio.
1122 2907 1259 2961 Leoucla·

150 2987 225 3040 rium
239 2986 333 3056 potius
344 3004 452 3056 sequar,
470 2988 519 3057 qui
535 2989 596 3057 ὄψιν
607 2988 681 3058 ipsos
692 2986 791 3058 leporis
803 2985 898 3044 oeulos
909 2987 1048 3042 intellexit
1059 2989 1088 3041 et
1104 2985 1259 3058 genitivum

151 3071 207 3136 regi
221 3070 340 3140 putarit,
360 3070 410 3122 nisi
423 3069 499 3122 fallor
510 3069 612 3140 (neque
624 3071 698 3123 enim
710 3071 859 3140 quicquam
877 3085 927 3139 pro
943 3074 1018 3124 certo
1036 3065 1227 3140 defenderim),
1240 3088 1259 3128 a

151 3151 288 3219 particula
306 3155 378 3222 παρὰ
394 3153 422 3204 iu
442 3153 586 3223 παραρέριι,
602 3151 656 3208 nisi
671 3152 741 3206 torte
752 3151 892 3206 intellexit
902 3167 1075 3223 suppressam
1087 3153 1259 3224 praepositio·
1279 3193 1283 3200 .

151 3247 213 3286 neni
225 3235 290 3286 dard.
308 3233 380 3300 Ejus
389 3235 481 3304 itaque
492 3233 625 3288 rationem
638 3235 661 3287 si
669 3237 774 3302 teneas,
786 3233 851 3288 nihll
859 3233 933 3288 aliud
943 3240 1043 3305 praeter
1052 3232 1258 3292 usitatissimam

150 3320 194 3368 τοῦ
205 3319 360 3387 παραφέριιν
368 3317 424 3372 ιίιιι
434 3333 582 3386 agnoscere
591 3317 714 3386 cogeria;
731 3317 762 3372 id
771 3311 855 3388 quod,
865 3333 930 3372 cum
940 3321 1014 3372 solus
1025 3324 1053 3372 et
1064 3320 1145 3388 piane
1156 3320 1199 3374 eui
1209 3337 1259 3390 ge-

150 3401 223 3452 neris
242 3399 312 3452 alias
329 3399 398 3453 toret
410 3400 454 3453 hic
470 3401 558 3468 loeus,
563 3402 670 3472 utique
682 3403 813 3496 prestare
829 3401 933 3471 opiner.
970 3389 1116 3466 Ζοιιιιίιιιιι
1134 3403 1181 3472 qui
1196 3402 1258 3458 diti·

150 3483 262 3550 gentins
281 3482 362 3536 hasce
381 3482 605 3554 Xenophontei
597 3483 702 3554 engenii
720 3481 858 3538 tenuiores
876 3483 1015 3554 reliquias,
1035 3485 1167 3556 pretiosas
1186 3485 1257 3554 illas,

149 3564 317 3629 tractaverit,
329 3563 397 3623 nihil
409 3565 554 3620 observare
565 3565 594 3618 ln
604 3565 657 3620 hoo
668 3565 738 3629 loco,
750 3565 840 3620 miror.
877 3565 930 3618 list
940 3570 1034 3619 umen
1046 3567 1131 3620 nostri
1145 3568 1258 3644 reecpi-

149 3669 202 3718 ριιν
213 3663 310 3702 meses
322 3647 421 3718 aliquis
433 3650 507 3718 apud
516 3643 715 3718 Thucydidem,
724 3649 772 3719 qui
784 3664 949 3718 magnopere
959 3650 1089 3703 recedere
1101 3647 1210 3702 ridetur
1220 3647 1257 3702 ab

150 3737 253 3800 etymo,
263 3734 292 3785 et
303 3732 357 3785 linc
366 3731 457 3786 reicrri
467 3749 547 3834 posse
560 3731 772 3802 quodammodo.
803 3731 920 3800 Legitur
932 3722 1105 3803 perticipium
1118 3731 1192 3785 verbi
1205 3731 1259 3806 hu·

145 3813 195 3882 jes
207 3831 264 3867 sor.
275 3817 304 3867 2
319 3817 527 3885 πορινιριοοσας
539 3813 585 3869 lib.
597 3818 625 3868 d.
634 3831 659 3868 c.
670 3819 715 3868 26.
727 3807 806 3884 (Vol.
817 3813 881 3886 Bip.
891 3819 919 3870 8.
931 3831 957 3884 p.
966 3813 1044 3883 245.)
1053 3813 1184 3882 junctum
1195 3816 1259 3871 voci

149 3899 246 3968 ἡμέρας
257 3913 291 3950 eo
303 3914 395 3962 sensu,
407 3903 440 3951 ut
451 3899 519 3952 verti
531 3899 647 3953 debeat:
666 3893 722 3952 dier
732 3895 842 3968 depes.
878 3897 967 3952 Vides
978 3889 1203 3965 significationem
1214 3899 1258 3954 iu·

149 3978 321 4035 treesitirsm
334 3979 420 4034 tribui
433 3979 530 4044 rcrbo;
546 3979 629 4052 elepri
638 3979 694 4035 dies
709 3983 814 4044 tamen,
830 3978 913 4032 etism
927 3976 1096 4050 praerupti·
1110 3979 1258 4033 commodo

147 4065 301 4128 vertentur,
309 4065 394 4133 atque
401 4063 442 4117 ita
450 4062 637 4116 accusativum
647 4061 759 4116 tortasse
767 4062 819 4128 sibi
824 4061 926 4131 junget
934 4059 1098 4114 vocabulum
1108 4065 1140 4114 ut
1149 4061 1258 4116 dicatur

148 4143 233 4199 Ιιοιιιο
244 4151 411 4214 παρενεγκεῖν
423 4149 533 4214 tempus
542 4144 661 4212 alicujus
672 4142 712 4198 rei
724 4143 871 4198 leciendae.
907 4143 972 4197 Ηοο
985 4143 1066 4196 modo
1082 4141 1159 4198 loeus
1171 4143 1259 4200 nostri

148 4226 254 4285 umuli
265 4227 337 4282 bene
346 4227 471 4293 haberet,
484 4231 513 4281 et
525 4231 567 4282 est
576 4227 692 4285 fortasse
702 4225 821 4297 apertior
832 4241 884 4291 res,
900 4241 983 4296 quam
996 4241 1060 4295 quar
1073 4229 1128 4280 tam
1143 4243 1258 4296 operosa

147 4311 312 4364 usmetione
323 4309 481 4380 indiguerit.
515 4311 665 4381 Equidem,
677 4310 941 4374 fateor,ediuturno
953 4327 1005 4364 usu
1017 4319 1257 4384 monumentorum
1296 4336 1298 4344 =

148 4393 312 4448 Grecornm
331 4399 360 4447 ct
374 4394 492 4448 lentem
501 4395 549 4448 itta
560 4409 630 4463 pene
640 4393 765 4463 improba
777 4389 856 4446 nimis
869 4392 959 4445 adhue
977 4391 1134 4454 destitutus,
1152 4395 1256 4446 nodum

148 4475 195 4528 tric
206 4475 380 4532 inmutetur
392 4482 421 4530 et
432 4477 468 4531 de
478 4479 631 4540 mutatione
641 4475 809 4546 cogitabm
824 4477 955 4546 παρήπαπι
972 4474 996 4526 si
1010 4476 1155 4542 legeretur,
1171 4475 1258 4529 netis-

148 4559 220 4612 sime
229 4560 299 4614 ieret
310 4560 440 4631 loquendi
452 4561 547 4616 forms.
584 4560 791 4615 Obstattunen
807 4563 908 4614 nosue
925 4555 1092 4626 conjectures
1101 4561 1130 4612 et
1141 4557 1215 4610 vocis
1225 4557 1256 4610 in

185 4653 245 4689 vet..
258 4655 303 4691 ΙΙΙ.
725 4657 741 4688 Ἰ
