2992 4900
209 238 325 322 186³
504 261 779 333 nummarii
803 264 1009 334 nisporr.

196 425 340 491 ‘eomuisa
347 424 472 481 iuvenies
478 426 582 482 Dionae
591 429 708 483 eirene
717 430 754 482 sb
762 427 817 483 iiiia
825 430 952 483 omnibns
963 428 1024 482 dere
1033 440 1134 481 nomen
1143 426 1236 495 tuine,
1244 444 1307 499 qum

204 506 277 562 inter
288 504 426 563 Titanidos
435 510 639 576 recensebstur,
650 510 845 582 Veneremque
862 528 900 566 ex
911 511 983 565 Jove
995 508 1134 580 peperisse
1145 510 1310 581 perhibetis·

196 593 256 643 tur.
283 590 346 658 Ego
354 589 416 644 irasc
424 592 518 645 omnia
525 590 638 661 (praeter
643 594 776 647 Gronovii
785 594 954 664 opinionem)
962 610 1027 647 reru
1035 594 1237 663 qusdsmtenus
1244 610 1309 648 esse

204 674 358 739 ostendam,
369 677 399 726 et
408 675 482 730 inter
492 691 523 729 sc
533 675 682 730 conciliare
693 677 820 730 studebo.
852 676 944 730 Ἔσται
962 677 987 729 et
1007 680 1065 746 περὶ
1080 678 1168 730 αὐτῶν
1181 678 1308 747 &exiet

203 759 292 826 λόγος,
304 757 354 826 cdv
368 759 467 812 dooere
478 761 602 827 dpxsedas
612 760 685 823 δοκε,
696 763 729 812 nt
740 774 805 812 cnm
817 763 910 812 nostro
922 759 1025 828 ioqnsr.

239 840 303 893 Etsi
312 839 465 909 peculiares
480 841 632 911 unicnique
642 840 719 909 genti
729 840 830 895 fuerint
842 840 936 909 mythi,
948 843 976 894 in
988 858 1021 895 eo
1032 844 1126 895 tamen
1137 854 1234 894 omnes
1249 841 1307 895 inre

194 921 375 975 commisse
389 922 527 989 videntur,
537 928 579 989 ut,
590 923 613 976 si
624 924 717 993 piures
733 922 800 976 deos
818 928 1006 991 agnoscerent,
1018 938 1157 977 summum
1168 926 1305 990 quendam

201 1004 287 1057 deum
298 1006 451 1057 eeteromm
461 1021 554 1073 rege·
563 1009 718 1060 statuerent
726 1006 807 1075 eiquo
819 1020 934 1059 uxorem
946 1006 1126 1075 assignarent.
1150 1006 1227 1060 Huic
1236 1008 1306 1061 Deae

203 1084 257 1139 nisi
269 1085 380 1138 siinnde
391 1100 493 1140 nomen
503 1087 715 1153 misissetne
728 1088 791 1156 ipso
803 1088 893 1141 mariti
905 1087 1015 1141 nomine
1026 1089 1095 1142 iiiud
1109 1089 1253 1144 deflectere
1264 1106 1308 1143 so·

201 1168 305 1221 lenset.
334 1168 380 1221 Sic
389 1184 425 1222 ex
435 1167 503 1222 ὅσοι
513 1167 817 1234 formabanthsosem,
829 1170 868 1224 sic
881 1174 934 1235 nia
945 1170 1084 1224 deflexum
1096 1177 1139 1225 est
1150 1172 1178 1226 in
1189 1175 1270 1237 Ζάνω,
1277 1177 1307 1226 et

202 1250 243 1303 sic
254 1265 311 1303 non
326 1249 426 1303 dubito
441 1252 509 1321 quin
521 1251 629 1319 Peissgi
642 1251 747 1320 sntiqui
761 1252 791 1321 <a
800 1252 904 1322 quibas
919 1252 1025 1306 oriundi
1037 1252 1159 1322 Epirote
1171 1260 1200 1307 et
1212 1254 1309 1308 Dodo-

200 1329 268 1400 naei)
278 1346 395 1386 uxerem
407 1337 453 1386 τοῦ
464 1337 523 1396 Διὸς
534 1332 658 1387 dixerint
668 1338 778 1399 Δύνην,
791 1348 854 1402 quoe
873 1332 984 1387 nomina
996 1336 1088 1389 omnis
1100 1336 1165 1389 nihii
1178 1336 1309 1390 differunt

202 1431 220 1468 a
230 1420 293 1478 θεὸς
302 1418 332 1467 et
343 1415 445 1469 θέαινα.
471 1414 554 1468 Uxor
560 1415 644 1483 igitur
651 1414 738 1483 Josis,
746 1418 777 1469 et
787 1414 895 1480 eadem,
904 1432 968 1486 quse
980 1418 1078 1471 ceteris
1089 1418 1308 1485 gentibust,

202 1496 325 1567 Epirotis
340 1498 395 1551 init
413 1498 519 1556 Diones
544 1502 573 1551 et
592 1500 631 1552 sic
652 1498 751 1553 meiius
769 1497 944 1551 declarantur
961 1499 1039 1553 numi
1055 1500 1238 1569 Epirotarum,
1256 1503 1307 1572 qui

201 1596 306 1645 omnes,
317 1595 373 1633 non
383 1580 591 1635 Dodonmorum
602 1582 701 1649 sotum,
710 1580 790 1635 Jovis
801 1570 830 1635 e't
842 1581 949 1635 Diones
962 1582 1078 1651 effigiem
1091 1582 1212 1651 junctim
1229 1584 1307 1639 exiri·

200 1664 268 1717 beot
279 1664 317 1732 (r.
326 1663 446 1718 Gronov.
456 1665 475 1717 1.
484 1661 533 1733 e),
543 1679 627 1735 qnam
639 1666 663 1717 si
674 1665 806 1719 minorem
819 1664 940 1735 aliquam
953 1666 1043 1731 deam,
1055 1682 1117 1735 qum
1128 1682 1195 1720 casu
1206 1667 1235 1721 in
1248 1666 1307 1721 Do-

200 1747 292 1802 douaei
303 1747 399 1817 tempii
411 1748 578 1803 consortium
589 1749 705 1814 venerit,
716 1748 827 1802 Dionen
840 1748 945 1802 credas.

234 1830 351 1885 Dudum
363 1831 537 1886 observatum
553 1834 596 1885 est
610 1847 627 1884 a
643 1830 707 1885 viris
718 1830 815 1896 doctis,
826 1830 1021 1899 mythologianr
1032 1833 1192 1887 Groecorum
1205 1849 1307 1903 conge-

198 1914 267 1969 riem
283 1930 343 1968 esee
356 1913 613 1980 diversissimsrnm,
633 1915 669 1968 de
684 1914 783 1968 iisdem
800 1930 874 1983 saepe
889 1914 982 1978 rebus,
997 1914 1141 1969 fictionum
1159 1922 1189 1970 et
1198 1918 1308 1985 mytho-

198 2012 270 2051 rum.
303 1995 521 2051 scilieetiserst
532 2012 592 2050 mos
603 1997 778 2069 antiquarum
796 1996 921 2065 gentium
938 2000 968 2051 et
983 1999 1122 2068 praecipue
1133 2000 1305 2069 Grmcornrn,

191 2083 231 2134 ·nt
240 2080 343 2133 nuitsm
352 2094 443 2149 neque
453 2078 587 2147 majorum
596 2094 718 2145 snorum,
725 2092 816 2149 neque
825 2078 996 2147 singularum
1007 2096 1065 2133 snm
1074 2080 1165 2148 gentis
1174 2082 1306 2150 tribuum,

197 2178 289 2233 neque
301 2162 370 2215 adeo
380 2165 537 2215 exterarum
546 2164 698 2227 nationum,
707 2160 877 2231 religionem,
888 2162 992 2215 nuttam
1002 2162 1233 2231 superstitionem,
1244 2166 1306 2220 nui·

186 2247 257 2299 inm
269 2248 360 2314 poetae
369 2243 492 2311 cujusvis
504 2244 665 2314 antiquioris
675 2246 862 2297 commentum
874 2258 924 2312 pro
935 2244 1030 2297 fictitio
1038 2260 1149 2314 prorsus
1160 2245 1307 2314 haberent,

196 2328 247 2382 sed
264 2328 484 2397 nnumdqaoqce
501 2328 594 2402 potina
610 2328 668 2381 suis
686 2326 786 2395 mythis
803 2326 1006 2381 immiscerent:
1027 2344 1061 2381 es
1071 2332 1164 2382 tamen
1181 2330 1252 2398 lege,
1264 2336 1306 2397 ut,

196 2426 266 2482 quos
277 2409 390 2480 quidem
402 2408 468 2462 deos
479 2408 536 2463 suis
546 2408 751 2480 quodsmnrodo
763 2406 865 2464 similes
877 2407 1069 2479 viderent,pro
1080 2410 1247 2476 iisdem,etsi
1259 2412 1302 2467 di-

195 2509 274 2548 verso
286 2492 404 2556 nomine,
416 2491 565 2555 habereut3
584 2492 607 2546 si
617 2508 683 2546 vero
697 2492 755 2546 suis
766 2491 929 2545 commentis
945 2509 987 2560 es,
1003 2508 1066 2563 qum
1078 2493 1114 2547 ab
1126 2493 1187 2548 aliis
1198 2497 1300 2551 tradita

195 2579 299 2640 essent,
304 2575 387 2644 piane
395 2589 551 2643 repugnare
559 2575 752 2644 intelligerent,
760 2573 880 2628 diversos
888 2591 963 2644 smpe
972 2575 1047 2642 deos,
1054 2575 1102 2647 qui
1113 2593 1206 2631 revers
1213 2578 1299 2632 iidem

195 2665 283 2727 erant,
296 2658 447 2712 crederent.
483 2659 623 2712 Posterius
639 2657 723 2726 igitur
739 2657 792 2712 hoe
803 2661 862 2711 tum
875 2673 987 2728 qnoque
998 2659 1032 2712 iis
1044 2659 1153 2723 accidit,
1165 2675 1229 2715 cum
1240 2662 1300 2716 sive

193 2759 273 2813 reges
283 2742 396 2795 deorum
409 2740 522 2795 traditos
533 2741 697 2806 invenirent,
708 2741 759 2812 qni
775 2741 1001 2803 censoresue
1016 2757 1120 2796 uxeres
1133 2742 1153 2796 J
1154 2743 1222 2807 oris,
1235 2759 1299 2814 qum

195 2841 260 2879 curn
271 2824 383 2878 Junone
394 2823 503 2876 misceri
514 2829 571 2876 nou
581 2837 661 2892 posse
674 2823 840 2876 riderentur.
876 2822 931 2876 Sed
942 2837 1014 2877 nova
1025 2827 1084 2878 turn
1097 2825 1237 2880 existebat
1248 2827 1302 2882 dti-

194 2908 318 2970 tionitss;
335 2905 428 2974 piures
445 2907 518 2959 enin
531 2920 610 2974 reges
621 2903 763 2972 reginam
775 2904 920 2958 admittere
936 2906 1075 2961 uolebant.
1111 2905 1196 2960 Hsnc
1208 2907 1248 2961 its
1258 2925 1301 2962 re-

193 2988 312 3043 movisse
322 2987 390 3041 mitri
400 2988 531 3041 videntur
538 2984 721 3056 antiquissimi
733 2989 832 3054 poetm,
843 2990 876 3039 ut
887 2986 954 3040 deos
965 2987 1026 3040 iilos
1037 3002 1164 3057 regnasse
1175 2989 1300 3059 quidem,

194 3069 244 3124 sed
260 3086 278 3123 s
291 3071 363 3126 Jove
374 3085 424 3123 suo
442 3069 540 3137 rietes,
557 3070 687 3137 coeioqne
704 3067 909 3136 prisea-deas
920 3085 985 3123 cnm
997 3069 1069 3125 Jove
1080 3086 1228 3125 consuesse
1239 3075 1300 3143 qni·

194 3155 268 3218 dero,
279 3157 308 3206 at
319 3151 455 3220 iegitimss
466 3167 569 3206 uxores
578 3166 634 3204 non
645 3150 737 3217 suun,
748 3150 889 3204 docerent.
925 3151 964 3205 Et
975 3151 1035 3206 hmo
1046 3152 1074 3205 ni
1085 3151 1165 3206 telier
1175 3169 1240 3208 vera
1257 3161 1301 3212 est

193 3235 271 3305 origo
285 3234 387 3288 tabutas
400 3234 436 3288 de
448 3231 591 3288 Titmsiiss
605 3233 681 3292 cosio
696 3231 823 3298 turbatis,
840 3237 871 3286 et
886 3232 922 3286 de
932 3233 1008 3288 Jeeir
1019 3233 1167 3288 orambim
1177 3234 1221 3302 iis,
1233 3254 1299 3307 qum

192 3319 264 3373 inter
273 3315 420 3381 Tirsaidss,
432 3315 507 3370 Coeli
517 3316 594 3381 fliius,
606 3319 635 3369 et
644 3315 716 3369 inter
723 3313 857 3368 Titanum
868 3315 938 3368 iiliss
949 3315 1146 3381 referebantur,
1158 3323 1191 3371 ut
1203 3317 1299 3386 Metis,

192 3405 227 3456 ut
236 3399 359 3464 turmis.
369 3402 403 3452 ut
413 3400 532 3468 Latous,
543 3402 576 3454 ut
587 3396 687 3467 Dirae,
704 3413 774 3467 quas
791 3411 887 3450 omnes
904 3397 1004 3452 diversi
1017 3397 1104 3467 mythi
1115 3398 1179 3454 Jori
1195 3415 1300 3457 uxores

192 3484 304 3540 dabant.
888 3477 897 3494 ⁸

228 3567 342 3623 Etenim
352 3567 383 3621 iu
394 3582 428 3621 eo
437 3581 456 3620 a
466 3581 497 3619 se
511 3566 631 3621 invicem
644 3563 809 3620 recedebant
824 3568 922 3637 gentes
933 3566 963 3620 ct
973 3564 1132 3634 mythorum
1142 3567 1299 3622 inventores

192 3649 283 3721 primi,
294 3655 327 3705 nt
336 3649 438 3704 summi
449 3651 563 3704 deorum
574 3643 658 3704 orori
671 3650 767 3702 munia
778 3647 824 3703 alii
836 3649 890 3702 aiis
902 3647 1061 3702 tribuerent.
1098 3649 1145 3704 Sic
1157 3649 1225 3720 Ἥρη
1238 3653 1317 3704 erst.

191 3733 346 3803 symbolum
358 3731 436 3800 seris,
449 3733 558 3788 Latous
569 3732 667 3796 noctis,
677 3730 830 3800 prudentiss
840 3731 936 3796 Metis,
943 3729 1061 3799 justitiae
1069 3731 1193 3788 i'hemis.
1224 3733 1297 3798 Qum

192 3815 285 3869 omnia
303 3829 418 3869 uxorem
435 3813 514 3868 Joris
533 3811 616 3868 rslde
634 3812 742 3878 decent,
759 3818 842 3882 prout
859 3811 934 3867 hune
951 3813 1051 3884 ipsum,
1064 3815 1122 3868 sire
1140 3815 1297 3884 symbolum

193 3899 275 3964 Coeli,
286 3899 343 3954 sire
354 3903 499 3970 parentem
516 3898 595 3962 ineis,
614 3898 672 3951 sire
691 3911 829 3951 mmmum
841 3896 983 3950 hominum
996 3896 1134 3967 deumque
1145 3897 1300 3952 moderato-

190 3997 249 4036 rem
261 3981 312 4034 tini
322 3981 412 4050 tingis.
448 3981 549 4051 Neque
558 3979 643 4048 igitur
658 3989 764 4052 pstress
774 3990 1008 4051 gmrsmrersqse
1024 3981 1148 4034 omnium
1159 3996 1222 4049 quar
1233 3983 1298 4034 sunt

121 4101 125 4106 -
191 4063 346 4120 dedecebst
353 4078 435 4125 uxor,
443 4062 598 4132 symbolum
610 4062 709 4117 smus
718 4072 744 4117 st
754 4061 885 4126 maeotii,
894 4077 1034 4132 quamque
1040 4062 1105 4116 ideo
1114 4077 1178 4116 cunr
1187 4060 1298 4116 Venere

189 4161 241 4200 sua
251 4147 400 4200 miscerent
415 4149 513 4214 gentes
525 4145 596 4198 siim.
633 4143 730 4214 Hujus
745 4161 812 4199 saue
830 4145 977 4206 Pelasgicos
990 4143 1095 4198 Diones
1107 4143 1165 4198 sive
1176 4144 1298 4199 Junouis

189 4230 306 4297 vestigia
320 4243 440 4297 agnosco
455 4228 484 4281 in
503 4228 565 4297 ipss
582 4227 719 4280 ltsiornm
737 4225 814 4295 (cum
831 4226 954 4296 Peissgis
972 4227 1056 4296 stirpe
1075 4226 1298 4296 conjunctorum)

189 4311 417 4367 etliomsuorum
427 4310 549 4376 iuuene,
562 4309 721 4378 nuptiarum
734 4309 866 4379 praeside3
889 4299 940 4362 st'si
958 4308 988 4362 iri
1006 4309 1135 4364 seriorum
1154 4309 1297 4379 ceteroqui

187 4395 346 4450 (incorum
358 4395 484 4448 nouoses
494 4391 659 4462 adoptarist,
670 4391 866 4462 iuuenemque
880 4406 971 4448 sorem
989 4393 1145 4448 interiorem
1157 4391 1296 4462 predica·
