2992 4900
191 299 244 376 10
475 315 741 385 SPALDINGII
766 317 1006 386 PRAEFAl'lO
1127 344 1131 348 ²

188 482 293 546 Suidas
314 483 440 546 Jovialia
457 491 527 562 post
550 483 696 544 Liberalia
716 482 807 544 fuisse
827 484 979 545 celebrata
1001 481 1284 563 narrant‚quoipso

188 596 303 656 magna,
317 577 365 636 vel
390 575 512 647 urbana,
528 576 653 637 innuunt
674 576 828 637 Liberalia.
870 575 988 636 Sicelis
1006 577 1107 656 itaque
1121 577 1283 638 defendere
1309 639 1313 644 ,

188 670 339 730 Scholium
358 669 397 728 ad
413 668 501 727 Arist.
521 667 634 738 Nubes,
648 668 767 748 'laylori
785 668 928 728 rationem
947 669 1065 729 deseras
1084 687 1204 738 necesse
1226 677 1283 739 est,

187 771 219 821 et
231 759 335 824 Διάσια
357 779 376 820 ι
392 759 532 826 Πανδιάις
556 761 674 820 differre
688 779 838 838 agnoscas.
882 760 925 819 Ea
939 772 985 822 est
999 762 1114 822 Cossini
1134 762 1164 822 in
1185 760 1284 823 Fastis

187 853 295 914 Atticis
312 853 466 925 sententia,
480 852 531 929 qui
551 851 654 913 Διάσια
667 853 887 913 Anthesterioni
899 853 1038 930 assignat,
1052 853 1168 913 Πάνδια
1184 861 1283 912 auteur

183 945 427 1023 'Elaphebolioni.
465 945 530 1004 Jam
545 944 620 1004 ratio
640 943 794 1005 reddenda
812 955 858 1006 est
875 945 1042 1006 lectionisa
1058 966 1104 1006 me
1125 945 1155 1004 in
1168 954 1283 1005 textum

186 1048 336 1117 receptas:
357 1044 391 1118 τῇ
405 1039 538 1114 ὑστεραίᾳ
556 1047 612 1097 τῶν
638 1035 785 1098 Πανδίων.
826 1038 924 1098 Nullis
938 1058 974 1098 ea
987 1039 1086 1099 codd.
1100 1039 1214 1112 nititur,
1228 1037 1283 1098 sed

185 1139 231 1191 est
249 1151 267 1190 e
293 1130 466 1208 conjectura
491 1129 637 1190 Palmarii.
679 1130 828 1192 Firmatnr
848 1139 945 1191 tamen
965 1133 1047 1204 satis,
1067 1132 1159 1210 ipsius
1171 1133 1283 1191 Demo·

186 1220 300 1283 athenis
312 1227 346 1297 (q.
362 1220 408 1294 δ’.)
428 1221 541 1289 verbim
566 1229 598 1280 ut
618 1222 734 1282 licuerit
752 1243 817 1282 eam
831 1226 896 1282 sine
909 1222 1096 1283 dubitatione
1114 1223 1145 1282 iu
1158 1221 1211 1282 tali
1220 1220 1283 1282 edi·
1330 1295 1334 1303 .

185 1315 264 1374 tione
287 1313 459 1393 exprimere,
483 1331 537 1390 pro
557 1313 654 1373 Codd.
676 1323 707 1374 et
728 1313 798 1374 edd.
813 1315 974 1392 depravato
988 1315 1061 1374 illos
1083 1315 1115 1375 ἐν
1131 1314 1281 1376 Πανδίονι.

185 1407 292 1465 Restat
314 1419 364 1476 τῆς
378 1418 493 1481 πομπῆς
507 1410 545 1485 τῷ
559 1409 684 1486 Διονύσῳ
698 1406 730 1468 ἐν
744 1405 872 1483 Πειραιεῖ
891 1405 1001 1465 mentio
1021 1411 1058 1484 (ρ.
1071 1405 1104 1468 ὅ.
1119 1404 1210 1481 faeta)
1228 1424 1281 1465 no·
1408 1409 1412 1415 ⁴

186 1497 235 1557 bis
258 1496 461 1575 expendenda.
504 1497 688 1557 Memoratur
706 1497 765 1558 hoo
784 1497 892 1557 festum
905 1498 964 1557 hoo
981 1515 1042 1557 uno
1055 1498 1133 1572 loeo,
1151 1503 1185 1557 nt
1204 1496 1282 1557 diffi-

184 1587 242 1646 cile
258 1589 296 1649 sit
309 1589 419 1666 aliquid
436 1588 510 1649 certi
525 1588 563 1648 de
577 1609 613 1648 eo
626 1597 765 1650 statuere.
806 1588 837 1651 Si
851 1599 1030 1667 reputemus,
1049 1588 1106 1651 tria
1124 1589 1213 1651 etiam
1230 1589 1281 1649 hio

170 1670 348 1740 ‘enumerari
370 1682 515 1760 Dionysia
528 1690 559 1740 et
572 1689 707 1742 constare
722 1683 761 1742 de
774 1688 874 1766 καμπῇ
887 1687 921 1767 τῇ
935 1684 982 1741 ἐπὶ
992 1681 1113 1763 Ληναίρ
1125 1682 1280 1759 pariterac

185 1771 297 1839 ἀετοῖς
320 1773 351 1832 ἕν
361 1772 443 1834 ἄστει
469 1774 638 1844 Διονυσίοις,
665 1771 811 1852 reliquum
824 1793 889 1833 esse
908 1773 1015 1834 fatum
1038 1773 1282 1834 Liberaliumrtt·

185 1863 290 1924 salium
304 1865 471 1945 apparebit.
507 1863 588 1932 Quid
604 1864 629 1923 si
640 1863 713 1924 illud
728 1875 775 1926 est
787 1866 884 1943 ipsum
902 1867 960 1925 hoc
983 1867 1015 1926 ἐν
1026 1864 1175 1946 Πειραιεῐι
1215 1865 1279 1924 De-

184 1979 249 2020 mus
265 1960 359 2020 tribus
387 1953 653 2038 Hippothoontidis
675 1968 741 2020 erat
764 1959 829 2036 ipae
846 1960 987 2031 caecus,
1012 1959 1094 2037 quod
1121 1957 1280 2018 luculentis

183 2051 357 2113 testimoniis
380 2049 511 2122 ostendit
526 2051 673 2110 Meursius
696 2051 727 2110 in
746 2052 875 2113 Piraeeo.
916 2052 952 2110 ln
975 2051 1071 2111 demis
1089 2058 1188 2111 autem
1211 2071 1280 2129 age·

184 2144 292 2205 bantur
309 2143 444 2204 Διανδσια
456 2146 491 2202 τὰ
504 2145 563 2202 και·
576 2144 693 2220 α’γραΰι,
706 2151 740 2202 ut
761 2162 796 2203 ex
811 2139 1016 2220 Aristophanis
1038 2141 1279 2202 Acharneusibus

180 2237 272 2297 docet
295 2235 487 2296 Ruhnkenius
511 2234 531 2294 l.
546 2253 586 2312 c.,
606 2254 668 2313 quo
692 2236 842 2314 pertinent
861 2237 927 2296 heo
949 2235 1135 2314 potissimum
1161 2235 1279 2296 Comici

180 2329 270 2388 verba
281 2334 322 2403 (t.
336 2330 524 2401 268—267):
546 2331 641 2408 φιλῇς
652 2360 691 2372 -
701 2328 767 2408 ἕκτῳ
788 2329 813 2388 α’
825 2326 879 2388 ἔτει
903 2336 1067 2407 προσεῖπον,
1085 2331 1126 2394 εἰς
1138 2326 1188 2387 τὸν
1201 2335 1222 2364 “
1231 2327 1279 2399 δῇ.

181 2423 253 2501 μαν”
266 2423 356 2481 ἐλθὼν
374 2423 506 2499 ἄσμενος.
547 2421 711 2499 Οριινειιι
724 2429 823 2481 ιιιιιι
841 2427 927 2481 antea
939 2425 979 2496 (v.
989 2420 1062 2498 250)
1073 2419 1152 2481 idem
1165 2421 1219 2501 qui
1228 2419 1278 2481 ills

180 2513 255 2574 dicit
274 2512 466 2591 Dicaeopolis,
481 2521 514 2573 ut
535 2512 591 2572 sibi
612 2513 712 2573 liceret
733 2515 908 2590 ἀγαγιιν-
920 2520 957 2573 ιδ
981 2516 1040 2573 κατ’
1062 2512 1168 2593 ἀγροὺς
1180 2515 1278 2574 Διονύ·

181 2632 241 2667 σια.
281 2605 422 2683 Ejusdem
436 2605 551 2681 generis
565 2606 702 2666 videntur
723 2626 789 2667 esse
801 2611 839 2667 ed
858 2608 890 2667 ἐν
910 2607 1055 2687 Βρανρῶνι
1078 2606 1224 2681 Διονύσια,
1237 2607 1276 2669 de

181 2700 290 2777 quibus
304 2707 348 2759 est
362 2698 576 2758 Hemsterhusii
591 2698 756 2777 disputatio
766 2698 804 2759 ad
819 2700 948 2760 Pollucis
959 2700 1010 2759 tib.
1021 2707 1051 2761 9.
1066 2707 1117 2763 74.
1132 2720 1163 2776 p.
1183 2707 1276 2761 lusu.

180 2793 240 2867 Sic,
252 2812 307 2872 pro
320 2791 416 2861 variis,
431 2790 481 2850 uhi
499 2792 653 2870 agebatur,
666 2791 772 2870 demis,
787 2793 868 2851 varia
887 2791 1014 2853 fortasse
1031 2789 1198 2851 asciscebat
1220 2810 1275 2851 no·

179 2885 259 2946 mina
281 2885 446 2944 universum
469 2883 526 2943 hoe
548 2883 726 2945 Liberaliora
746 2884 886 2944 ruralium
898 2883 1023 2952 festum:
1048 2900 1147 2961 neque
1169 2884 1275 2944 mirum

179 2980 227 3048 sit,
243 2977 268 3037 si
285 2975 442 3036 Piraeensia
454 2974 612 3050 Liberalia,
625 2984 766 3053 tanquam
779 2975 888 3037 ceteris
900 2975 1027 3036 clariora
1047 2983 1079 3036 et
1098 2974 1203 3053 majori
1221 2996 1275 3055 ap·

178 3078 285 3147 paratu
303 3068 350 3146 agi
371 3066 457 3127 solita
481 3076 620 3145 prototo
644 3086 751 3146 genere
771 3068 831 3127 h.l.
853 3080 1059 3129 memorentur.
1102 3067 1274 3147 Hancqua·

177 3161 355 3238 lemcuuque
369 3160 571 3237 conjecturam
584 3159 764 3221 eruditorum
785 3158 921 3233 examini,
933 3159 1055 3220 meliora
1067 3158 1168 3221 doceri
1189 3180 1274 3239 pars·

178 3261 236 3327 tus,
250 3254 393 3330 relinquo.
436 3254 482 3312 De
500 3252 639 3331 choragia
657 3252 714 3312 boo
738 3253 807 3313 loco
826 3252 998 3331 disputandi
1019 3253 1112 3314 otium
1125 3254 1186 3315 fere
1203 3255 1274 3317 mihi

177 3344 248 3405 fecit
270 3345 410 3405 Libanius
433 3345 462 3403 in
488 3354 670 3422 argumento,
695 3344 743 3404 cui
768 3344 878 3405 addere
897 3343 1015 3420 juvabit
1031 3346 1064 3405 F.
1078 3346 1116 3405 A.
1130 3346 1229 3409 wethi
1242 3348 1274 3407 in

177 3439 320 3515 l'rolegg.¹
335 3436 372 3496 ad
393 3435 566 3513 Leptiueam
579 3442 621 3514 (p.
637 3442 706 3499 871.
722 3456 808 3515 seqq.
821 3436 879 3496 sol.
893 3437 947 3512 ll.)
970 3437 1013 3495 rei
1035 3437 1272 3515 explicationem.

177 3534 261 3592 lllam
273 3542 392 3609 tangere
401 3530 488 3590 liceat
498 3530 702 3608 questionem,
714 3530 808 3606 qualis
818 3528 906 3589 fuerit
918 3530 952 3601 is,
963 3548 1050 3606 quem
1056 3529 1272 3591 Demosthenes

176 3625 324 3697 instruxit,
338 3624 468 3683 chorusl
489 3622 614 3681 Duobus
634 3620 775 3681 orationis
799 3630 908 3681 nostras
928 3621 1012 3691 locis,
1025 3622 1087 3692 §.a
1099 3621 1272 3683 ahimemo.

175 3728 278 3777 tantur
290 3719 315 3776 oi
330 3719 418 3795 κριταὶ
440 3720 477 3794 τῷ
499 3718 590 3790 ἀγῶνι
614 3724 670 3775 τῶν
690 3714 809 3792 ἀνδρῶν,
828 3723 859 3775 et
876 3723 899 3785 §.
913 3714 967 3793 pt.
980 3713 1031 3774 ubi
1051 3714 1094 3773 sit
1116 3722 1217 3775 noster
1239 3736 1271 3777 se

171 3812 394 3889 ’κεχαρισγηκέναι
408 3810 544 3877 αὐληταῖς
558 3805 677 3885 ἀνδράσι
692 3807 762 3867 satis
772 3817 907 3885 apparet,
922 3806 1076 3866 tibicinum
1089 3803 1179 3867 fuisse
1193 3828 1271 3869 eum.

176 3902 277 3979 llptral
300 3908 396 3959 autem
412 3898 462 3968 illi,
477 3905 546 3975 post
559 3896 671 3957 editum
689 3897 720 3957 iu
735 3897 852 3957 theatro
865 3916 980 3970 munus,
992 3906 1072 3956 sorte
1085 3895 1272 3960 ducebantur

174 3990 215 4053 ab
231 3990 395 4060 Arclroute,
411 3988 479 4049 festi
493 3988 689 4051 moderatore.

215 4081 334 4159 lajariae
356 4100 372 4139 a
387 4081 587 4141 Demosthene
602 4088 733 4161 acceptoe
748 4099 841 4159 genus
853 4080 954 4159 paullo
968 4080 1098 4141 curatius
1122 4100 1270 4161 exponere

175 4194 233 4235 nou
248 4175 287 4235 ab
310 4194 340 4235 re
354 4172 453 4233 fuerit.
487 4170 605 4233 Dicitur
625 4173 775 4241 κανδύλοις
787 4176 940 4253 suspiras.
963 4180 983 4210 “
993 4173 1135 4234 Κόνδνλαι
1148 4174 1270 4255 proprie

173 4266 243 4327 su'nt
265 4266 336 4345 ipsae
358 4264 546 4325 articulorum
568 4264 599 4324 in
619 4264 721 4343 digitis
742 4264 958 4343 prominentiae,
973 4276 1064 4343 atque
1085 4266 1155 4327 iude
1179 4267 1269 4327 etiarn

173 4358 263 4438 plaga
283 4358 416 4421 articulis
447 4355 585 4417 inflicta.”
628 4358 727 4419 Verba
755 4367 825 4418 sunt
852 4358 1025 4437 Langbsenii
1042 4358 1081 4418 ad
1107 4357 1269 4435 Longinum

171 4457 226 4532 (p.‚
239 4450 349 4525 Tollio,
370 4452 453 4525 136.)
474 4448 515 4517 οι.
537 4450 624 4511 Αιίιι.
646 4450 724 4515 Hist.
745 4450 873 4515 aninall.
894 4460 921 4516 l.
937 4458 986 4517 lb.
1029 4451 1089 4514 nie
1108 4452 1268 4532 vapulandi
