2992 4900
464 331 528 398 AD
551 331 625 399 ΟΒ.
649 327 835 396 CONTRA
859 329 1054 396 MlDlAM.
1252 312 1303 388 13

200 503 281 582 tique
290 502 430 582 pudoris,
447 523 537 583 quum
548 505 696 566 inimicum
708 525 739 565 se
751 503 908 584 profitetur
921 504 973 583 qui
986 505 1093 583 pulsnt,
1106 501 1303 580 injuriamque

202 596 242 654 ite
257 596 357 674 accipi
375 598 449 668 vult,
463 607 602 676 tanquam
620 597 659 658 ab
673 597 792 658 inimico
805 598 1037 674 offendendiqnc
1054 597 1167 674 cupido
1180 595 1302 667 illatam,

202 706 270 748 cum
287 689 377 768 plaga
392 687 534 768 infligitur
551 709 609 750 non
624 709 753 768 expansa
766 710 862 762 mauu,
880 689 931 750 sed
949 690 979 749 in
994 687 1123 770 pugnum
1137 697 1302 759 contracta,

203 801 266 858 quo
279 781 360 841 ictus
381 782 421 842 sit
441 783 593 843 nocentior
613 791 644 843 et
663 781 788 861 gravior,
810 793 960 862 postremo
980 803 1048 843 cum
1067 783 1097 842 in
1111 801 1174 840 earn
1188 790 1302 859 partem

202 875 337 951 corporis
349 875 389 934 de
402 875 546 935 industria
559 876 645 954 plage
659 877 811 947 incumbit,
827 897 887 954 quo
902 875 1084 936 atrocissima
1101 893 1177 934 noxa
1192 893 1301 952 eorpus

203 967 322 1026 multari
337 977 448 1046 potest,
466 968 660 1046 sugillataque
675 989 711 1028 ea
724 988 793 1048 pars
808 989 873 1028 esse
886 988 922 1028 ac
935 968 986 1028 diu
999 988 1117 1028 rnanere
1130 968 1302 1048 conspicua,

201 1057 334 1137 indeque
348 1059 441 1120 facies
452 1060 649 1122 dehonestari.
691 1063 761 1122 Hoc
774 1063 853 1122 enim
867 1062 1016 1139 signifieat
1025 1064 1071 1122 ἐπὶ
1081 1063 1189 1140 κόῤῥης,
1203 1062 1233 1120 id
1247 1067 1302 1131 est,

202 1155 278 1212 rard
292 1162 342 1223 τῆς
356 1155 492 1228 σιαγόνος
505 1155 637 1228 πατάξαι,
651 1155 816 1216 Atticorum
828 1155 929 1232 lingna
940 1153 1139 1231 loquentibus.
1157 1153 1238 1231 qnod
1252 1152 1302 1210 ln·

204 1253 322 1322 terpres
335 1243 449 1322 ignaru
465 1245 616 1325 pupillum
629 1246 787 1318 transtulit,
801 1247 884 1325 quasi
899 1250 979 1322 κόρης
994 1245 1208 1306 Demosthenes
1231 1243 1304 1305 scri·

204 1336 327 1414 psisset.
347 1337 422 1397 llaec
437 1347 514 1410 sunt,
529 1338 627 1416 inquit
641 1338 867 1411 Demosthenes,
878 1358 946 1418 quae
963 1338 1095 1399 homines
1110 1337 1228 1414 injuriis
1243 1355 1302 1394 non

200 1429 336 1486 assuetos
348 1428 436 1489 animi
447 1429 624 1510 impotentes
635 1430 755 1502 faciunt,
766 1431 864 1502 idest,
880 1452 948 1509 quae
962 1431 1133 1510 patientiam
1145 1439 1301 1509 quantom-

202 1521 247 1580 νὴ
261 1521 400 1598 prudenti
414 1523 578 1584 excutiunt.
619 1523 818 1592 Quintilianus
835 1524 867 1583 in
885 1534 978 1598 sento,
996 1525 1035 1584 de
1055 1522 1240 1584 concitandis
1258 1521 1304 1580 nf-
1408 1566 1412 1574 .

203 1612 333 1673 lectibus
346 1615 481 1693 loquens,
496 1621 515 1650 “
527 1613 701 1689 Atrocitas,”
715 1617 822 1698 inquit,
838 1625 858 1654 “
867 1618 974 1678 crescit
987 1638 1023 1676 ex
1038 1617 1095 1689 his,
1107 1615 1180 1696 quid
1191 1615 1302 1676 iactum

203 1705 253 1776 sit,
268 1724 286 1764 a
299 1725 372 1784 quo,
387 1707 415 1766 in
430 1726 530 1785 quem,
541 1726 601 1786 quo
615 1708 793 1787 animmque
805 1719 947 1787 tempore,
962 1729 1024 1788 qno
1040 1710 1117 1780 loco,
1130 1729 1190 1788 que
1201 1707 1302 1777 medo,

203 1817 274 1876 quae
295 1799 394 1858 omnia
407 1799 537 1858 infinitos
551 1799 699 1862 anfractus
717 1801 854 1862 lrabent.”
894 1803 934 1861 Et
947 1799 1066 1881 pa'ulum
1077 1802 1163 1876 inira,
1176 1808 1195 1835 ‘⁴
1206 1802 1302 1861 Pluri-

204 1909 284 1950 mum
298 1891 423 1971 remen?
432 1891 540 1970 iuquit,
554 1893 668 1953 “affert
677 1893 842 1955 atrocitatis
855 1896 970 1966 medrus,
981 1895 1005 1954 si
1016 1896 1154 1974 graviter,
1165 1895 1190 1954 si
1200 1903 1305 1955 contu·

203 1986 336 2057 meliose,
352 1995 385 2046 ut
399 1987 613 2047 Demosthenes
627 2007 663 2046 ex
684 1998 769 2065 parte
790 1990 922 2066 percussi
935 1989 1076 2068 corporis,
1090 2009 1127 2048 ex
1141 1988 1223 2047 vultu
1233 1985 1303 2046 ieri.

204 2077 338 2157 entis,ex
347 2079 453 2140 habitu
466 2079 602 2138 invidiam
614 2079 719 2140 Midiae
732 2079 870 2158 quaerits’
896 2080 979 2140 Idem
991 2081 1074 2152 alibi,
1090 2081 1258 2156 “Namque
1270 2081 1301 2138 in
1400 2124 1405 2135 .

204 2171 265 2232 laec
277 2171 457 2250 eloquentire
469 2172 512 2232 ris
526 2180 581 2243 est,
594 2172 768 2251 ntjudiccm
780 2191 839 2232 non
853 2174 890 2233 ad
913 2173 943 2234 id
961 2183 1074 2234 tautum
1086 2172 1255 2250 compellat,
1271 2172 1302 2229 in

201 2263 286 2342 quod
300 2265 365 2345 ipse
379 2282 397 2323 a
411 2265 453 2324 rci
467 2273 571 2325 natura
584 2265 718 2338 ducetur,
734 2267 786 2325 aed
801 2276 864 2337 aut,
875 2267 926 2344 qui
947 2286 1006 2326 non
1024 2276 1079 2336 est,
1096 2275 1147 2325 aut
1161 2267 1302 2343 majorem

200 2377 292 2436 qnam
316 2367 363 2417 est
383 2357 475 2418 saciat
493 2357 640 2418 affectum.
688 2359 764 2418 liaec
783 2368 831 2418 est
852 2359 911 2430 illa,
935 2378 1003 2437 quae
1028 2360 1148 2419 Dinosis
1169 2367 1302 2429 vocatur,

200 2451 290 2513 rebus
312 2450 452 2529 indignis,
469 2451 589 2530 asperis,
610 2452 761 2512 invidiosis
782 2453 895 2512 addens
911 2453 969 2511 vim
993 2453 1097 2523 oratio,
1112 2471 1173 2529 qua
1193 2451 1302 2509 virtute

199 2555 310 2623 praeter
318 2542 395 2603 alios
410 2542 566 2621 plurimum
581 2545 796 2606 Demosthenes
810 2544 927 2606 valuit.''
967 2544 1042 2605 llaec
1057 2554 1088 2605 et
1097 2545 1182 2622 plura
1194 2543 1224 2603 in
1240 2547 1302 2602 etn-

198 2638 406 2698 notationibus
426 2638 636 2717 posterioribus
650 2640 680 2697 in
693 2638 836 2699 Pnndect.
850 2639 996 2699 Budaeus:
1019 2638 1100 2712 Quin
1114 2647 1145 2697 et
1165 2637 1300 2696 Alciatus

197 2730 326 2795 eundern
341 2731 446 2792 locum
461 2732 580 2809 exponit
591 2730 839 2811 Dispunctlonum
852 2731 929 2792 libro
943 2731 1085 2805 secundo,
1097 2749 1164 2809 cap.
1176 2729 1228 2790 16.
