2992 4900
338 358 404 425 AD
427 357 502 425 ott.
526 356 714 425 CONTRA
736 356 1111 465 Anlstoonutntt.
1194 365 1272 443 181

169 504 325 603 Στιάάνου,
339 524 386 581 rui
403 521 453 584 τὸν
469 526 541 582 κατὰ
552 520 763 603 Ἀνδροτίωνος,
779 524 825 583 καὶ
839 522 1041 603 Τιμοκράτους,
1056 524 1103 580 rui
1117 520 1274 601 Ἀριστο-

171 614 332 694 κράτσυς.
354 603 456 692 άλίγον
468 619 525 701 γάρ
538 614 691 692 διήνεγκεν,
706 620 729 677 ci
741 620 781 697 μὴ
795 618 894 697 νόμον,
909 620 989 677 άλλά
1004 617 1135 697 ψήφισμα
1148 618 1275 693 Ἀριστο-

171 707 276 786 sotim
287 708 409 789 ἔγραψε.
449 712 551 787 Atque
565 708 654 769 etiam
673 711 751 771 inter
770 720 826 771 τῶν
847 710 993 773 δικανικῶν
1013 714 1181 780 καλλίστους
1196 712 1277 773 ioottt

172 800 377 882 Hermogenes
390 802 450 863 τὸν
470 807 558 864 κατὰ
575 806 887 885 Ἀριστοκράτους,
908 808 954 865 cni
968 805 1018 866 τὸν
1031 804 1101 883 ὑπὲρ
1121 805 1275 887 Στεφάνου,

171 912 203 972 p·
216 900 290 959 376.
303 894 386 955 Edit.
401 893 532 974 crispin.
573 897 733 977 Exemplar
744 905 794 958 τοῦ
808 898 947 959 δικανικοῦ
960 908 1135 978 χαρακτῆρος
1146 899 1277 959 nominat

171 989 239 1067 ejus
253 988 427 1051 scholiastes
441 1008 509 1070 pag.
524 997 574 1055 74.
615 990 711 1070 Cujus
729 990 800 1051 item
821 990 892 1052 nlihi
912 993 1057 1052 sententia
1074 1000 1130 1064 est,
1144 1012 1232 1071 quum
1246 1002 1278 1053 ct
1297 1049 1305 1059 ,

173 1101 227 1142 rna
240 1101 364 1161 qnoque
377 1080 564 1143 confirmavit
576 1084 724 1145 Aristides
743 1084 870 1158 Rhetor,
889 1084 920 1145 in
933 1104 969 1145 ea
982 1084 1150 1147 elucescere
1167 1095 1277 1145 utram·

175 1192 235 1252 qne
243 1173 355 1246 ideam
368 1180 428 1234 tam
439 1193 508 1253 quse
519 1172 720 1248 deliberativo,
731 1193 822 1255 qnam
834 1195 902 1255 quae
915 1176 1056 1255 competit
1062 1174 1208 1256 judiciali
1221 1196 1279 1236 scr·

175 1267 266 1328 moni.
306 1266 416 1347 Neque
435 1286 473 1327 eo
493 1267 587 1327 sotum
608 1276 715 1328 ornatu
735 1269 876 1329 orationis
900 1279 1045 1343 exuratur,
1066 1288 1166 1328 verum
1188 1267 1279 1329 etiam

176 1378 291 1419 mmo
309 1359 411 1420 studio
423 1358 509 1438 Reip.
550 1359 643 1429 Quod
656 1360 910 1422 oiimobserrsvit
924 1362 1072 1422 Panaetius
1085 1361 1280 1440 philosophus
1368 1378 1379 1399 ²

177 1450 215 1511 de
228 1451 427 1512 Orationibus
437 1452 661 1530 ctesiphonten,
673 1455 883 1529 Aristocraten,
896 1456 1037 1533 Leptinen
1050 1463 1081 1515 et
1095 1452 1278 1535 Philippicis,

176 1544 258 1624 apud
273 1544 465 1607 Plutarchum
479 1544 585 1605 inrita
597 1546 738 1608 Auctoris
752 1548 855 1609 nocui.

216 1638 330 1697 flehite
343 1647 417 1711 erat,
430 1636 538 1697 eodem
554 1636 715 1699 Plutarcho
728 1648 813 1713 teste,
824 1639 912 1717 juxta
926 1639 956 1699 id
971 1640 1123 1719 temporis,
1139 1658 1199 1721 qno
1215 1639 1280 1701 illas

176 1729 267 1791 etiarn
287 1730 406 1802 hahuit,
427 1750 456 1791 c.
480 1728 696 1792 Androtionem
717 1751 816 1803 unam,
837 1741 868 1792 et
887 1732 1010 1792 alterum
1029 1753 1056 1793 c.
1069 1733 1280 1797 Timocratem.
1302 1747 1306 1751 “

175 1820 243 1885 Τῶν
258 1823 290 1884 δὲ
303 1824 446 1904 δημοσίων
459 1827 476 1885 ὃ
493 1825 549 1903 μὲν
563 1827 619 1884 κατ’
631 1824 848 1904 Ἀνδροτίωνος,
863 1827 909 1884 καὶ
921 1825 1125 1905 Τιμοκράτους,
1135 1830 1182 1884 καὶ
1193 1828 1281 1906 Ἀρι·

177 1916 389 1993 στοκράτους
409 1916 514 1996 ἑτέροις
534 1916 712 1998 ἐγράφησαν,
730 1916 807 1977 οὕτω
827 1922 861 1999 τῇ
879 1916 1009 1992 πολιτείᾳ
1028 1916 1281 1995 προσεληλυθότος.

177 2006 250 2069 δοκεῖ
270 2012 328 2088 γὰρ
341 2008 418 2070 δυοῖν
430 2010 449 2079 ἢ
463 2017 545 2089 τριῶν
558 2008 658 2069 δέοντο
677 2008 725 2083 ἔτη
744 2009 893 2089 τριάκοντα
910 2013 1036 2085 γεγονὼς
1054 2009 1203 2087 ἐξενεγκεῖν
1217 2009 1282 2080 τοὺς

176 2104 285 2176 λόγους
304 2102 437 2168 ἐκείνους.
478 2100 591 2161 Verum
609 2100 667 2161 hoc
680 2102 812 2180 quidem,
827 2112 879 2162 aut
897 2121 968 2161 vero
988 2102 1091 2161 saitem
1106 2103 1282 2181 proximum,

177 2194 260 2273 quod
273 2194 317 2254 ait
328 2194 368 2254 de
382 2193 527 2274 Leptines
545 2202 577 2254 et
588 2193 799 2255 Timocrates:
822 2196 915 2254 serius
932 2201 1031 2253 tamen
1051 2194 1204 2273 aliquanto
1216 2197 1282 2259 hec

177 2294 285 2347 centn
295 2288 521 2359 Aristocraten,
535 2286 658 2366 Olymp.
670 2308 713 2349 sc.
725 2286 821 2348 cvtt.
836 2296 865 2348 1.
878 2308 944 2347 cum
959 2287 1172 2349 Demosthenes
1187 2290 1283 2351 aetatis

175 2388 278 2457 ageret
298 2397 409 2438 mum
430 2378 623 2458 trigesimum,
638 2378 664 2437 si
684 2378 810 2460 Dionys.
832 2380 928 2439 Helie.
944 2378 1030 2439 fides.
1070 2379 1120 2440 Ἐν
1139 2382 1225 2464 τοῦτρ
1244 2387 1282 2465 τᾷ

175 2473 399 2555 χρόνρ(ιιειορε
410 2471 599 2531 Aristodemo
610 2470 753 2546 Pretore,
765 2473 817 2551 qui
830 2471 933 2532 suiten
946 2491 1033 2544 anno,
1049 2491 1137 2551 quem
1149 2474 1284 2553 designa-

175 2565 345 2642 einummt
361 2565 412 2626 cuir
429 2568 525 2626 κατὰ
539 2565 841 2645 Ἀριστοκράτους
861 2565 968 2644 ἔγραψε
988 2568 1078 2640 λόγον
1093 2565 1232 2628 Εὐθυκλεῖ
1245 2563 1283 2648 cp

178 2655 307 2718 timum
320 2660 493 2738 παρανόμων
506 2656 539 2717 τὸ
553 2657 696 2736 ψήφισμα.
737 2657 833 2738 Epist.
849 2658 886 2717 ad
901 2660 1077 2729 Animarum,
1092 2664 1119 2734 ξ.
1133 2665 1163 2720 4.

218 2747 406 2819 Quireutem
419 2747 578 2810 fueritiste
592 2747 766 2827 Euthycies,
779 2747 866 2825 cujus
880 2747 1121 2828 ingratiumhaec
1134 2749 1286 2829 scripserit
1400 2816 1402 2828 ⁴
1478 2757 1480 2796 t

178 2843 411 2914 Demosthenes,
424 2842 541 2922 penitus
555 2841 715 2920 moratur,
732 2851 762 2900 et
771 2840 859 2918 juxta
871 2842 939 2920 quis
953 2841 1042 2900 fuerit
1055 2841 1105 2900 ilie
1119 2841 1286 2903 Aristocra-

146 2924 151 2932 ’
178 2944 235 3008 tes,
249 2934 304 3012 qni
318 2935 368 2994 hic
382 2934 575 2994 insimulatur.
619 2932 740 2994 Certum
756 2933 866 2992 interca
888 2943 942 3006 est,
963 2951 1075 2992 errasse
1090 2931 1285 2992 Scholiastem

178 3030 337 3109 Arismph.
349 3029 389 3089 ad
405 3032 483 3088 dves
497 3036 567 3090 126.
588 3048 656 3088 cnm
669 3028 720 3100 ait,
734 3028 825 3088 fuisse
837 3029 1048 3089 Aristocrutcm
1061 3029 1162 3088 Sceliii
1177 3029 1212 3090 F.
1233 3029 1286 3108 qui

179 3123 213 3185 in
233 3124 316 3184 heito
329 3122 584 3202 Peloponnesiaco
606 3122 697 3182 muita
709 3123 826 3200 egregia
841 3122 971 3182 facinora
987 3121 1090 3182 edidit.
1125 3123 1285 3202 Epicheres

178 3217 270 3290 enin,
291 3213 344 3294 qui
362 3233 420 3293 per
437 3215 504 3274 haec
524 3225 659 3292 tempora
678 3213 841 3273 orationem
861 3214 966 3273 hahuit
988 3213 1055 3275 adv.
1076 3214 1284 3288 Theocrinem,

177 3307 384 3368 Demosthene
398 3305 559 3378 scribente,
568 3305 779 3366 Aristocraten
794 3307 879 3364 istum
895 3305 994 3365 Sceilii
1009 3307 1040 3365 F.
1056 3315 1143 3366 vocat
1156 3327 1287 3368 avuncu-

179 3403 244 3462 ium
254 3399 315 3460 Avi
328 3399 385 3472 sni,
399 3408 432 3458 ut
444 3399 550 3459 minum
560 3399 610 3472 sit,
620 3398 645 3458 si
659 3398 725 3458 hac
735 3398 916 3458 concordare
929 3399 1049 3476 possint.
1078 3399 1185 3480 Neque
1197 3419 1287 3478 porro

177 3493 317 3574 profecto
330 3490 488 3551 verisimile
500 3497 555 3562 est,
569 3489 696 3549 eundem
710 3489 802 3550 fnisse
818 3489 983 3569 impetitum
998 3489 1036 3548 ab
1046 3491 1242 3568 Aristophane
1256 3491 1287 3550 in

180 3587 305 3657 Fabula,
320 3604 411 3664 quam
423 3583 507 3644 dedit
524 3583 647 3662 Oiymp.
658 3579 742 3644 XCI.
758 3589 788 3644 2.
802 3593 831 3644 et
846 3583 1074 3644 eDemosthcne
1086 3583 1117 3642 in
1132 3585 1287 3664 Oratione,

182 3699 274 3760 qnam
288 3677 393 3738 hahuit
407 3677 529 3758 Olymp.
540 3677 640 3736 cvtt.
654 3685 684 3737 1.

221 3772 300 3832 Cum
310 3770 451 3830 nonnulla
460 3769 556 3829 sintin
567 3770 625 3830 hac
635 3770 791 3842 Oratione,
802 3789 869 3848 quae
881 3769 952 3828 aiibi
963 3769 1042 3847 apud
1056 3769 1287 3830 Demosthenem

179 3865 332 3943 leguntur,
349 3873 382 3922 ut
397 3863 469 3922 oiim
490 3861 706 3930 annotavimus,
721 3862 904 3940 precipuum
924 3871 978 3932 est,
998 3860 1079 3938 quod
1102 3863 1195 3920 muita
1218 3861 1287 3924 hinc

180 3955 336 4020 nnnstnlit
352 3955 392 4016 ad
415 3954 600 4028 Orationem,
612 3975 680 4033 quse
702 3953 870 4014 inscribitur
891 3953 952 4030 περὶ
972 3953 1150 4024 {sordescet
1171 3954 1210 4014 de
1229 3975 1288 4034 qus

178 4071 216 4112 re
234 4071 297 4112 non
315 4049 381 4110 iere
400 4048 523 4127 aliquod
542 4048 573 4108 in
587 4049 663 4107 notis
684 4047 722 4107 ud
744 4048 833 4107 istum
852 4047 951 4106 locum
971 4043 1046 4105 inira
1060 4046 1289 4109 observavimus.

182 4143 346 4204 Tarson.
880 4143 884 4151 '
1280 4142 1284 4150 '
