2992 4900
159 241 210 317 12
240 295 245 308 .
395 257 458 326 EX
482 257 602 326 EDIT.
625 257 829 330 HERVAG.
852 263 995 332 PRAEF.

152 421 382 495 Demosthenes,
404 442 470 487 cum
490 424 634 504 Dionysia
644 431 809 502 agerentur,
824 424 878 504 qni
890 423 955 485 ludi
967 433 1053 486 erant
1066 425 1096 486 in
1110 426 1254 488 bonorem

150 513 251 574 Liberi
269 516 360 594 patris
373 516 511 587 instituti,
526 526 704 594 curatorque
723 515 860 578 ludorum
879 526 943 577 erat
961 537 1027 578 cum
1040 518 1106 578 aliis
1118 518 1252 580 delectus

151 605 378 680 Demosthenes,
398 629 474 687 quos
488 610 631 690 chorago's
645 609 926 688 appellabantearn
943 610 1091 688 injuriam,
1111 621 1201 691 atque
1220 611 1252 670 id

150 701 261 761 crimen
275 721 343 764 cnm
358 713 535 783 magnopere
552 721 728 784 exaggerare
743 703 830 764 vehet
848 713 958 777 orator,
972 705 1087 784 aliquot
1101 703 1252 766 bominum

149 794 283 873 exempla
297 813 463 868 recensens,
485 796 537 874 qui
550 795 590 855 ob
604 795 811 873 hujuscemodi
823 795 956 857 acinon
975 798 1006 858 in
1027 795 1160 858 fraudem
1174 797 1253 874 capi·

149 885 238 946 talem
260 885 435 962 inciderent,
457 897 487 948 et
508 887 547 948 ab
569 889 708 967 injuriam
726 888 821 967 passis
840 889 912 950 caesi
932 899 1027 963 erem,
1040 891 1083 952 ita
1095 891 1203 968 inquit,
1217 891 1251 950 oi

150 982 207 1056 γὰρ
216 981 234 1050 ἡ
244 983 341 1055 πληγὴ
350 984 506 1059 παρέστησε
520 984 571 1052 τὴν
584 982 751 1060 ὀργὴν,,8ιο.
770 981 812 1040 Ut
826 990 924 1042 ouum
938 982 1097 1043 sanetius
1107 983 1253 1062 intelligu-
1279 999 1282 1002 ’

149 1079 207 1142 tur,
233 1090 293 1131 uno
314 1081 365 1132 aut
385 1073 478 1132 altero
500 1091 586 1132 versu
605 1073 704 1132 locum
728 1073 817 1133 altius
839 1075 995 1152 repetitum
1018 1074 1171 1136 traducam
1191 1076 1250 1136 boo
1279 1101 1283 1105 ·

147 1162 250 1234 modo,
269 1181 306 1222 ao
327 1163 514 1242 sesquiversu
535 1164 709 1243 producam.
751 1165 906 1226 Noverunt
926 1167 984 1227 hoc
1005 1168 1100 1241 multi,
1120 1168 1251 1228 Eunomo

146 1254 354 1317 Leodamantis
367 1257 509 1318 fratrem
501 1267 579 1319 anter
594 1259 733 1338 epulas,
724 1277 754 1318 ιιι
768 1269 977 1339 conventuque
990 1263 1117 1342 publico
1127 1263 1250 1324 obtrun-

147 1353 247 1408 catum
257 1369 285 1454 a
298 1350 414 1420 Boeoto,
431 1350 551 1410 unicum
563 1350 604 1411 ob
620 1350 780 1456 colaphum
793 1350 947 1412 inflictum.
939 1373 1064 1432 .neque
1077 1374 1147 1415 vero
1160 1356 1250 1434 unica

145 1417 273 1520 plaga
256 1461 306 1500 rrae
321 1443 466 1522 impetum
485 1443 539 1515 illi,
559 1443 639 1504 sed
631 1443 791 1522 ignominia
810 1443 893 1504 civit.
907 1464 1005 1523 neque
1018 1445 1122 1508 eoedi'
1113 1448 1250 1524 ingenuis

146 1551 234 1608 grase
248 1542 305 1610 est,
316 1535 431 1594 tametsi
441 1545 485 1596 est
495 1537 592 1614 ipsum
606 1556 705 1616 grave.
715 1535 747 1598 id
761 1556 910 1597 enimvero
917 1537 1037 1600 manum
1045 1559 1133 1619 grase
1143 1545 1198 1615 est,
1208 1541 1249 1602 ud

145 1579 352 1686 contumeliam
374 1627 462 1688 coedi.
502 1629 655 1708 Siquidem
677 1629 772 1688 multa
795 1628 905 1703 faeere,
924 1649 943 1690 o
963 1631 1017 1692 siri
1036 1631 1247 1712 Athenienses,

145 1717 309 1778 existimari
328 1727 430 1798 potest
451 1721 503 1800 qui
523 1721 612 1782 alium
631 1723 731 1796 caedit,
744 1741 871 1800 quornm
885 1731 1009 1802 partem,
1029 1744 1067 1784 ne
1079 1725 1106 1784 is
1125 1725 1248 1802 quidem

146 1813 199 1888 qni
213 1811 388 1872 verberibus
401 1811 538 1886 afficitur,
556 1813 688 1876 indicare
702 1816 774 1874 satis
794 1834 928 1874 sermone
939 1824 1031 1895 atque
1044 1817 1129 1877 effari
1141 1816 1248 1896 possit,

145 1903 209 1982 ipse
231 1905 436 1984 perpetranda
457 1905 501 1966 rei
520 1907 630 1986 specie,
651 1907 760 1968 obtutu
782 1907 960 1978 truculento,
978 1909 1060 1969 vods
1079 1909 1248 1980 atrocitate,

144 1995 224 2056 adde
233 2015 303 2057 curn
317 1996 476 2077 sugillandi
489 1999 598 2072 animo,
608 2017 700 2076 quum
714 1999 866 2060 inimicum
879 2019 911 2059 se
926 1999 1106 2078 profitendo,
1118 2001 1249 2080 deniqne

145 2108 237 2167 quum
258 2091 375 2170 pugnis,
394 2099 425 2151 et
443 2111 537 2170 quum
555 2093 586 2152 in
601 2093 706 2152 malam
720 2092 822 2154 credit.
862 2093 957 2171 Atqui
975 2094 1043 2155 baec
1062 2105 1248 2174 promovent,

145 2182 212 2242 haec
225 2182 346 2260 inquam
360 2192 497 2244 emorent
510 2184 549 2244 de
563 2185 666 2244 mentis
680 2204 741 2246 susc
760 2194 838 2245 statu
853 2185 985 2246 homines
1003 2188 1190 2248 contumelias
1205 2198 1249 2249 ut-

146 2292 206 2351 que
219 2273 414 2352 sugillationis
430 2273 600 2336 insolentes.
628 2277 683 2360 His
696 2277 971 2358 commemorandis,
985 2296 1005 2335 o
1018 2279 1071 2338 vi‘ri
1085 2281 1250 2341 Athenien·

145 2385 202 2436 ses,
214 2384 301 2424 nemo
314 2373 360 2425 est
373 2366 426 2444 qni
439 2369 481 2426 rei
499 2367 685 2428 atrocitatem
699 2367 803 2428 animis
824 2367 1009 2430 audientium
1025 2371 1182 2452 oculisque
1201 2393 1248 2432 re·

144 2466 324 2537 presentare
338 2468 439 2535 queat,
453 2467 550 2537 praeut
564 2459 687 2537 quidem
702 2468 748 2520 est
760 2460 869 2538 injuria
883 2482 915 2522 re
932 2462 997 2540 ipsa
1008 2465 1173 2542 conspicua
1184 2484 1248 2524 orn·

144 2550 232 2610 nibus
255 2549 384 2611 numeris
404 2549 569 2625 evidentiae,
589 2552 624 2611 iis
642 2553 694 2630 qui
712 2551 756 2611 rei
776 2562 958 2630 spectatores
978 2553 1110 2635 manat,
1130 2556 1248 2637 ipsique

144 2642 220 2703 adeo
231 2642 369 2721 injuriam
378 2661 529 2723 perpesso.
570 2644 706 2714 Quorum
719 2644 876 2705 verborum
888 2647 1017 2706 oratoris
1027 2646 1093 2707 baec
1101 2651 1248 2711 renuntia

143 2745 199 2809 est,
214 2756 250 2797 ea
263 2754 331 2816 qnae
345 2737 389 2797 rei
403 2736 546 2813 adjuncta
559 2736 700 2798 dicuntur
718 2744 755 2816 (a
767 2738 952 2807 Quintiliano
966 2739 1055 2800 etiarn
1073 2744 1246 2827 complexus

142 2847 297 2891 musarum
310 2839 341 2892 et
353 2830 583 2891 circumstantiae
593 2832 711 2891 nomine
725 2830 923 2909 appellantur,
933 2840 967 2891 nt
977 2832 1080 2892 Graeci
1092 2835 1247 2913 appellant

142 2924 326 3000 περίστασιν)
340 2940 404 2981 esse
419 2920 599 2997 hujusmodi,
612 2932 802 3001 utmagnaes
812 2932 899 3000 parte
908 2923 1005 2984 animo
1016 2924 1107 3003 magis
1119 2927 1247 3005 concipi,

143 3030 232 3090 quem
246 3014 338 3073 verbo
351 3014 501 3074 enunciari
515 3014 638 3093 possint.
681 3015 906 3075 Citaturautem
920 3016 970 3077 bie
983 3017 1067 3077 locus
1077 3020 1248 3079 alurecon.

142 3106 221 3166 salto
234 3104 264 3164 in
280 3106 355 3185 Cap.
372 3105 529 3167 Aut'iecta
544 3110 575 3187 d.
590 3108 730 3187 qualitate
752 3108 833 3168 rixae.
849 3108 882 3170 ff.
896 3108 935 3169 de
951 3110 1055 3189 pranis.
1097 3112 1158 3172 Ubi
1175 3132 1245 3173 cum

141 3198 368 3259 toreconsutrus
390 3218 426 3261 eu
448 3200 686 3278 amplificationis
705 3209 877 3278 argumenta
897 3222 966 3280 quse
988 3203 1248 3265 acircunrstantis

142 3290 302 3369 ducuntur,
319 3288 349 3349 in
364 3300 477 3369 septem
491 3292 594 3352 modos
612 3291 777 3370 digesserit,
798 3293 949 3369 qualitatis
966 3296 1132 3374 exemplum
1150 3316 1169 3356 a
1189 3298 1248 3356 De·

142 3382 294 3443 mosthene
312 3382 498 3463 potissimum
516 3384 685 3446 ducendum
705 3405 771 3445 esse
789 3385 916 3457 censuit,
936 3388 989 3465 qni
1004 3388 1035 3449 in
1055 3389 1198 3467 qualitate
1215 3399 1248 3449 et

142 3476 336 3536 aesfirnutione
347 3474 474 3553 injuriae,
498 3476 636 3539 facinoris
663 3480 824 3557 perpetrati
852 3480 980 3558 speciem
1008 3482 1103 3559 (quod
1127 3482 1247 3543 schema

142 3568 206 3645 ipse
225 3568 325 3641 vocat)
349 3567 638 3631 animadvertendam
657 3590 722 3631 esse
737 3569 832 3642 duxit,
847 3572 905 3631 hoc
918 3583 975 3643 est,
990 3572 1123 3633 habiturn
1133 3583 1164 3635 et
1174 3575 1246 3633 affe·

141 3670 222 3720 ctum
232 3660 376 3740 corporis,
387 3662 539 3741 animique
551 3672 609 3723 tana
619 3664 764 3741 pulsantis
772 3684 861 3742 quarn
872 3665 1048 3744 vapulantis,
1057 3676 1087 3725 et
1095 3666 1245 3744 quandam

141 3751 234 3813 veluti
251 3751 400 3814 actionem
414 3762 504 3834 atque
519 3756 809 3834 representationenr
828 3757 1025 3836 improbitatis
1039 3759 1105 3835 ejus
1120 3759 1172 3836 qui
1189 3778 1247 3819 cre·

141 3842 235 3903 debat
246 3852 337 3923 atque
353 3846 525 3925 impotentis
539 3847 637 3917 animi,
651 3856 814 3926 contraque
829 3848 899 3908 toedi
912 3870 949 3909 ue
962 3849 1095 3927 pudendi
1106 3861 1245 3929 aspectus

139 3934 267 4012 ejusqui
277 3936 438 4013 vapulabat
448 3936 669 4009 exhibitionem,
681 3940 780 3998 animo
790 3939 940 3999 obversari
948 3940 1085 4017 judicum
1096 3951 1243 4021 oportere,

141 4035 176 4087 ut
197 4046 314 4107 prauam
336 4046 391 4106 pro
413 4030 558 4109 dignitate
577 4032 619 4091 rei
643 4040 785 4092 statuant.
825 4030 1023 4109 inqualitate
1043 4035 1130 4095 nnn
1148 4037 1244 4113 ponit,

140 4128 238 4179 truces
250 4120 438 4198 minaccsqne
451 4124 555 4182 oculos
566 4124 720 4202 pulsantis,
738 4124 768 4183 iu
783 4144 853 4183 eum
866 4125 918 4201 qni
929 4126 1073 4203 pulsatur,
1091 4137 1153 4189 tum
1165 4128 1246 4188 voci·

138 4210 311 4272 serationem
337 4212 534 4288 desaevientis,
560 4214 780 4294 territantisque
807 4237 874 4277 enm
902 4219 955 4295 qui
976 4219 1125 4279 violentiae
1153 4219 1246 4279 cedit.

140 4304 216 4373 Quae
235 4305 333 4366 omnia
347 4307 485 4367 accidere
502 4306 657 4369 uerisimile
673 4320 729 4380 cst,
745 4330 813 4371 cum
829 4310 985 4391 sugillandi
999 4313 1098 4372 animo
1111 4314 1141 4374 id
1156 4312 1200 4382 lit,
1213 4313 1245 4371 id

140 4406 195 4471 est,
205 4406 315 4475 notam,
328 4398 575 4479 ignominiamque
591 4401 727 4463 innuendi
738 4403 849 4465 homini
861 4406 983 4484 integrus
996 4405 1081 4467 sarnae
1094 4406 1247 4468 intemem·
1268 4398 1273 4405 ¹
