2992 4900
367 293 375 300 ·
400 290 465 366 An
490 295 563 364 ou.
582 276 772 362 conruit
792 289 986 360 urorum.
1231 269 1260 354 't

148 465 276 542 τίμα-τον
306 463 395 541 μέρος
421 470 476 522 τῶν
505 461 616 539 ψήφων,
640 461 874 538 προσωφλίσκανε
894 458 1007 534 χιλίας.
1028 449 1105 511 Poll.
1125 447 1210 508 vltl.
1226 457 1258 516 6,

149 557 227 616 Sunt
240 563 342 616 utitem
354 557 408 631 qul
420 551 598 619 existimant,
611 547 837 629 προβάλλεσθαι,
846 557 880 606 tsi
894 545 1031 616 εὓθιίνειν,
1042 544 1257 618 εἰσαγγέλλειν,

149 645 317 727 γράφεσθαι
331 655 392 705 etc.
408 644 446 703 dc
459 641 669 704 Ciirsirdidus
680 638 859 711 actionibus,
871 646 960 716 prout
975 655 992 696 a
1004 633 1146 695 Civilibus
1156 633 1261 692 distin-

149 753 296 822 guuntur,
312 740 437 820 intelligi
452 739 570 799 debere.
612 739 694 796 luter
707 755 784 814 quos
797 742 842 795 est
856 735 980 813 magnus
994 731 1134 791 Budaeus.
1163 728 1259 808 [Δίςαι

149 835 225 894 'idom
240 845 270 895 et
283 836 417 912 δημόσιαι
430 853 480 892 are
495 831 565 911 thoy
577 827 803 908 distinguished,
819 846 851 887 as
864 847 909 888 we
921 825 1102 887 do‘Aotiorrs
1115 821 1186 884 oioil
1198 821 1259 882 and

153 927 317 988 mutent
337 941 484 986 vsvnott
497 925 527 984 in
542 922 684 999 schedis]

196 1018 417 1080 liberalitatem
437 1019 515 1078 hano
531 1015 754 1086 Demosthenis,
769 1012 1066 1090 benevolentiamque
1078 1012 1108 1070 in
1122 1009 1258 1085 Tribum,

155 1131 217 1189 qus
233 1131 265 1174 se
281 1111 344 1190 ipse
365 1111 455 1182 ultro,
475 1109 590 1170 caeteris
605 1107 809 1180 renuentibus,
824 1106 974 1166 Indorum
988 1103 1163 1164 curatorem
1182 1103 1262 1163 desi·

155 1203 274 1282 gnavit,
289 1202 491 1264 honestissimo
505 1201 656 1278 praeconio
667 1197 836 1260 nobilitavit
847 1195 1072 1276 Populiseitum,
1085 1193 1168 1272 quod
1180 1213 1263 1274 roga·

155 1295 201 1353 vit
216 1294 426 1368 Demochares,
439 1293 493 1352 uhi
506 1285 583 1354 inter
596 1301 705 1352 caetera
720 1290 827 1370 legitur
836 1289 850 1350 τ’

155 1419 204 1458 ιιι
220 1417 357 1460 κοτιατιιιι
373 1417 510 1460 suasurus
535 1399 668 1460 amsours'
690 1417 745 1458 ors
768 1416 963 1458 mamourou
984 1415 1046 1456 rou
1065 1404 1266 1456 usuarosmos’

157 1495 219 1535 ror
235 1495 369 1538 xonumu
384 1495 526 1538 mrum.
557 1495 655 1540 aes:
903 1501 908 1510 ·

161 1585 252 1654 Quod
266 1588 304 1649 ad
319 1589 444 1650 Midian
456 1589 571 1664 attinet,
584 1597 648 1650 erat
659 1589 748 1650 homo
756 1587 878 1663 divitiis,
888 1587 1074 1659 auctoritate,
1086 1593 1115 1644 et
1127 1584 1262 1663 potentia

160 1679 242 1758 apud
256 1699 324 1741 suos
339 1684 462 1745 nobilis:
484 1691 591 1764 prester
602 1671 721 1743 modeim
734 1683 976 1754 contumeliosus,
986 1689 1019 1738 ut
1027 1696 1063 1739 ex
1074 1678 1132 1738 hoe
1143 1677 1266 1756 judicio

161 1769 266 1850 liquet,
281 1781 313 1833 et
330 1776 496 1836 narratione
515 1775 603 1836 etism
618 1775 729 1856 lepida,
744 1794 813 1854 quae
832 1775 911 1856 apud
927 1774 1091 1852 Diogenem
1114 1767 1262 1831 Laertium

162 1874 260 1925 exstat
273 1865 303 1925 iu
314 1867 375 1927 vita
390 1867 531 1945 Diogenis
545 1869 667 1949 Cynici:
688 1870 787 1929 Ἀλλὰ
803 1872 849 1928 καί
861 1865 978 1928 Μειδίου
989 1865 1204 1930 κονδυλίσαντος
1215 1865 1264 1924 ‹si-

162 1957 214 2018 τὸν
227 1957 418 2038 [DIogcnem]
433 1963 478 2018 stol
497 1963 631 2032 εἰπόντος·
651 1961 820 2042 Τρισχίλιαί
842 1986 886 2022 σοι
902 1969 1006 2020 κεῖνται
1022 1957 1069 2016 ἐπὶ
1085 1959 1263 2042 τῇτραπέζῃ·

162 2046 198 2134 τῇ
213 2048 274 2122 idtio
285 2053 432 2119 πυκτικοὺς
444 2049 545 2126 λαβὼν
560 2055 692 2131 ἱμάντας,
706 2058 752 2114 rrul
765 2058 945 2126 καταλοήσας
959 2051 1046 2112 αὑτὸν
1058 2048 1120 2130 ἔφη·
1139 2047 1262 2129 Τρισχί-

163 2144 229 2201 Ital
242 2169 298 2204 σοι
311 2153 417 2206 κεῖνται
429 2145 475 2205 ἐπί
487 2149 521 2224 τῇ
536 2137 666 2229 σραιιίζῃ.
706 2145 858 2208 Credibile
877 2147 1003 2206 fortasse
1022 2141 1201 2222 quibusdam
1219 2145 1263 2203 vi·

163 2235 230 2295 deri
244 2237 350 2315 possit,
366 2247 398 2299 et
411 2257 449 2297 ex
462 2239 518 2297 hac
532 2235 693 2306 historiola,
709 2245 789 2297 etex
802 2239 906 2317 pretio,
920 2259 982 2318 quo
994 2235 1129 2317 superius
1142 2255 1262 2297 causam

162 2327 242 2388 hane
268 2331 444 2410 transegisse
469 2329 685 2390 Demosthenes
713 2327 833 2401 dicitur,
858 2331 977 2392 'latenti
1005 2329 1167 2402 dimidium,
1199 2331 1262 2391 sive

164 2435 257 2482 rrrrss
270 2421 476 2485 drachmarum
489 2441 642 2494 summum,
658 2421 704 2482 vel
718 2421 784 2500 lege
795 2421 840 2481 'vel
850 2420 982 2482 moribus
995 2422 1085 2490 inisse
1096 2422 1125 2482 in
1136 2423 1182 2483 his
1191 2442 1265 2484 eon·

164 2514 293 2575 tumeliis
311 2516 474 2578 definitam.
514 2516 641 2577 Perinde
661 2523 694 2574 ut
716 2514 746 2573 in
773 2514 897 2593 antiquo
911 2512 981 2592 jure
1002 2516 1211 2592 Romanorum,
1232 2518 1265 2579 Iu

163 2626 279 2669 summa
292 2608 368 2670 Auri
379 2610 507 2684 raritate,
519 2608 712 2672 contumelias
726 2618 763 2699 et¹
769 2609 891 2668 verbera
904 2605 1066 2686 pauxillulo
1079 2628 1265 2669 nummorum

165 2700 363 2762 aestimabant.
406 2704 493 2765 Unde
511 2702 706 2777 homunculus
724 2700 804 2781 apud
819 2700 952 2761 Gellium
966 2700 1036 2760 XX.
1051 2708 1080 2760 1.
1093 2700 1123 2759 iu
1138 2703 1265 2762 relauta

164 2791 291 2869 positus,
307 2794 410 2855 Midiae
424 2794 605 2867 consimilem
618 2794 719 2855 ludum
734 2792 969 2853 lusissedioitssr.
1010 2791 1138 2863 Quidum
1152 2792 1268 2855 Lucius
1365 2798 1370 2813 '

169 2882 308 2946 Veratius
315 2888 396 2966 fuit,
413 2890 533 2969 egregie
546 2888 629 2948 domo
643 2886 795 2966 improbus
807 2893 894 2965 utque
911 2886 1033 2946 imore·
1045 2884 1190 2946 socordio.
1233 2886 1268 2947 It

160 2996 223 3057 pro
236 2978 443 3041 dehctaneuto
457 2980 579 3041 habehat
594 3000 626 3039 os
635 2976 762 3040 bominis
776 2979 863 3040 liberi
873 2998 978 3039 monus
990 2996 1052 3039 ruse
1063 2980 1163 3056 pulmo
1172 2978 1268 3038 serbe·

163 3088 245 3131 rrrre.
274 3072 355 3133 Eusv
369 3072 478 3134 Servus
488 3072 669 3152 sequebatur,
681 3091 846 3132 numero
851 3070 970 3151 pleuros
979 3071 1087 3131 msiurs
1092 3072 1267 3150 portitores:

163 3172 195 3225 ct
205 3182 398 3247 quemcunque
411 3164 634 3248 depolmooerut,
646 3168 797 3226 semermi
809 3166 911 3226 statius
920 3164 1076 3226 seeundum
1085 3162 1165 3225 XII.
1176 3164 1267 3226 Toto.

164 3258 295 3337 ςιίιςατ
307 3266 337 3319 et
350 3260 463 3339 rigiuts'
476 3279 551 3321 cosa
560 3258 697 3337 jactetur.
737 3258 781 3319 Ut
795 3257 833 3318 ad
848 3256 973 3317 Midian
993 3264 1133 3329 revertar,
1152 3256 1270 3319 videtur

79 3408 90 3429 ,
166 3370 205 3410 ea
216 3350 378 3413 l’lutareho
388 3352 457 3413 olim
468 3352 600 3413 adducto
613 3352 643 3411 in
656 3352 716 3411 vita
732 3352 952 3424 Demosthenis,
966 3350 1104 3411 iucundis
1114 3352 1268 3429 praecellu-

166 3443 237 3519 isse,
249 3464 413 3523 eausasque
427 3444 588 3524 aliqnando
601 3444 737 3524 publicas
751 3446 855 3523 egisse,
868 3454 902 3505 ut
911 3446 1006 3524 liquet
1016 3465 1052 3504 ex
1061 3443 1146 3504 initio
1154 3446 1270 3506 Andro·

166 3535 268 3598 tianae
309 3538 480 3598 Honoribus
494 3536 593 3598 multis
606 3537 636 3597 in
650 3538 726 3617 Rep.
741 3536 872 3609 iunctus,
887 3538 977 3598 etiam
993 3556 1031 3597 eo
1044 3538 1110 3616 ipso
1124 3546 1269 3616 tempore,

167 3648 230 3709 quo
245 3630 475 3693 Demosthenem
489 3630 647 3706 lacessivit,
659 3632 696 3707 (si
712 3630 843 3711 Ulpiano
855 3632 1013 3706 oredimus)
1027 3632 1188 3711 ἱππαρχίαν
1201 3653 1270 3711 ges·

167 3724 218 3792 sit,
233 3732 265 3783 et
279 3722 392 3785 militiae
404 3712 550 3804 equestris
564 3744 664 3785 curam
679 3724 803 3797 hahuit;
820 3724 899 3784 uude
913 3724 963 3784 lus
976 3724 1077 3803 aliqua
1090 3722 1159 3783 loco
1169 3724 1271 3785 Orati.

166 3817 235 3877 onis
249 3816 402 3891 Hidianre,
417 3824 492 3894 τας.
506 3818 540 3889 ζ’.
554 3835 613 3878 non
627 3818 714 3895 plene
727 3817 826 3878 adhue
836 3817 998 3889 intellecto,
1009 3826 1050 3890 et,
1064 3816 1089 3877 si
1101 3816 1178 3878 hane
1192 3819 1270 3878 noti-

166 3910 239 3971 tiem
262 3910 400 3972 Hominis
424 3910 575 3983 demseris,
600 3909 832 3983 subobscuriori,
852 3909 965 3970 offundi
986 3908 1105 3988 poterit.
1145 3910 1269 3991 olymp.

167 4002 236 4063 CX.
253 4008 280 4063 1.
291 4002 329 4065 ad
340 4002 505 4063 Concilium
515 4002 795 4082 Amphictyonieum
809 4020 876 4061 cum
887 4010 1033 4080 potestate
1041 3999 1157 4074 missus,
1169 4004 1270 4067 AEsoh.

165 4116 195 4157 e.
206 4094 443 4175 Ctesiphontem.
471 4094 707 4177 Thrasyloebum
720 4094 840 4155 tratrem
854 4094 967 4169 habuit,
980 4094 1175 4155 Demostheni
1191 4098 1269 4175 pari-

168 4196 215 4247 ter
229 4184 386 4259 intensum,
400 4194 435 4249 ut
447 4207 483 4248 ex
498 4188 566 4263 hae,
581 4200 611 4247 et
624 4186 666 4249 Il.
680 4208 707 4248 e.
723 4186 895 4266 Aphobum,
906 4184 1039 4246 oratione
1052 4198 1178 4246 constat.
1221 4192 1270 4249 An

167 4298 289 4341 cunum
314 4279 409 4358 egerit
434 4298 462 4341 c.
491 4279 671 4341 Phocionem
698 4280 744 4339 ἐπί
770 4280 868 4343 Ξενίαν
895 4280 1036 4363 ἄρχοντος
1063 4282 1118 4358 [so.
1146 4280 1269 4365 Olyrnp.

169 4371 315 4434 cxvtrr.
329 4372 374 4449 4.]
391 4379 424 4433 ut
441 4372 566 4433 affirmat
581 4372 758 4433 Plutarchus
770 4373 802 4431 in
819 4372 983 4453 Hyperide,
994 4372 1023 4430 id
1036 4371 1170 4451 proiecto
1183 4374 1272 4431 vebe.

169 4472 286 4540 mter
299 4464 431 4549 disputo.
472 4465 550 4527 Nam
569 4473 600 4527 et
621 4474 738 4528 constat
754 4484 791 4527 cx
811 4464 1004 4537 Auctoribus,
1019 4482 1095 4542 quos
1108 4463 1196 4543 longe
1209 4482 1272 4525 rsa·
