2992 4900
469 338 535 404 nn
560 337 633 404 ou.
657 339 843 406 conum
868 339 1061 406 nmrnn.
1278 323 1305 407 9

200 509 253 562 est
271 500 384 578 aliquis
405 500 434 562 in
455 512 555 563 nostra
575 504 717 575 oratioue,
739 504 769 564 in
790 523 852 583 qno
878 502 1039 564 etiamnum
1056 503 1167 563 haereo.
1207 471 1328 580 Negat·

201 594 426 654 Demosthenes
439 599 473 670 (§.
488 594 555 671 til.)
578 601 617 677 τῷ
640 596 702 676 μεθ’
723 596 821 656 ὄτλον
843 593 917 658 εἶναι
939 599 1180 675 συντεταγμένους
1201 598 1307 675 μόνους

198 697 262 747 τῶν
275 687 375 746 ἄλλων
394 692 529 758 πολιτῶν,
558 689 624 757 τούς
648 693 691 749 ἀεὶ
715 689 879 758 δικάζοντας
901 687 1035 770 ἱσχνροῦς
1057 685 1139 749 εἶναι.
1181 687 1218 747 ld
1234 706 1308 765 quo·

201 779 299 840 modo
312 779 353 839 sit
365 777 597 857 intelligendum,
613 801 672 842 oon
691 773 788 842 habeo
802 781 912 842 dicere.
946 781 1063 842 Armati
1082 780 1172 861 igitur
1188 779 1309 860 judica·

200 871 303 934 bauti
316 873 363 932 An
375 871 606 936 circumstabant
617 875 749 954 Scythae,
766 875 951 954 Reipublicae
965 873 1116 949 satellites,
1127 871 1309 934 tribunslial

203 964 354 1024 Concioni
368 973 465 1024 tumen
486 973 519 1026 ct
531 967 645 1026 senatui
660 967 747 1028 iidem
762 979 873 1047 praesto
886 977 979 1042 eraut,
991 976 1024 1026 ut
1037 987 1097 1028 uon
1111 974 1233 1047 possent
1245 964 1310 1026 dici

198 1056 325 1136 judices
343 1060 426 1136 μόνοι
452 1071 509 1117 τῶν
536 1059 636 1118 ἄλλων
656 1065 780 1121 πολιτῶν
805 1058 869 1136 μεθ’
895 1059 992 1120 ὄτλον
1016 1062 1247 1138 συντεταγμένοι,
1275 1057 1309 1116 in

167 1179 170 1184 ·
203 1150 349 1228 quaipss
367 1149 512 1228 loquendi
527 1150 620 1211 formu
640 1152 808 1212 obscuritas
831 1159 878 1211 est
900 1151 1049 1230 quaedam.
1090 1151 1171 1210 Nota
1181 1149 1308 1209 sortasse

204 1261 260 1302 res
279 1249 324 1300 est
336 1242 533 1319 peritioribus,
554 1262 609 1320 ego
633 1243 705 1303 nihil
720 1244 758 1304 de
773 1263 808 1303 ea
820 1243 902 1323 apud
924 1242 1083 1322 scriptores
1108 1239 1311 1312 inveniebam

207 1343 245 1392 et
269 1333 411 1412 Ulpianus
430 1334 460 1396 in
474 1337 613 1394 extremis
624 1336 707 1396 hisce
717 1334 829 1398 deficit.

250 1425 462 1506 Dionysiorum
488 1427 535 1486 vel
560 1428 746 1501 Liberalium,
770 1427 840 1488 festi
864 1427 1101 1506 Atheniensium,
1121 1426 1209 1505 ratio,
1222 1425 1278 1485 etsi
1291 1443 1311 1484 a

207 1517 332 1576 mulmis
350 1518 431 1590 viris,
454 1517 633 1578 Ruhnkenio
656 1519 705 1595 (ad
730 1520 806 1582 calc.
826 1519 981 1601 Hesychih
994 1528 1025 1580 et
1039 1518 1247 1590 Bartbelerpio,
1261 1517 1311 1597 (ln
1352 1590 1356 1599 1

203 1611 389 1670 Commentt.
410 1610 508 1670 Acad.
518 1612 587 1672 bou.
597 1611 641 1675 tit.
656 1613 694 1672 V.
710 1619 759 1673 39.
773 1631 803 1691 p.
814 1621 882 1678 173.
899 1612 998 1692 seqq.)
1008 1611 1238 1672 luculentissime
1258 1629 1310 1669 ex·

205 1701 319 1779 posits,
339 1711 436 1764 maren
452 1702 490 1762 ad
507 1713 637 1764 nochum
651 1703 813 1766 orationem
826 1724 886 1766 noo
902 1706 972 1786 satis
991 1705 1061 1764 mihi
1075 1703 1192 1766 videtur
1203 1701 1311 1762 oohats

207 1815 285 1856 esse.
325 1795 398 1855 Tria
411 1806 495 1856 erant
509 1797 612 1857 harum
628 1797 765 1858 seriarum
781 1816 907 1877 genera:
936 1797 1056 1858 liuralia
1078 1796 1232 1877 Dionysia,
1255 1796 1312 1855 Le·

206 1907 285 1960 ussa,
299 1897 329 1948 et
343 1889 465 1968 Magus.
491 1891 559 1950 lam
573 1890 717 1950 seminem
729 1909 831 1950 eorum
845 1887 910 1948 VV.
920 1889 991 1950 DD.
1012 1889 1063 1968 qui
1082 1890 1244 1951 orationem
1259 1907 1311 1947 no-

207 1992 303 2040 stram
323 1991 489 2042 tractarunt
503 1981 594 2041 subiit
618 2001 771 2060 quererer
803 2001 864 2061 quo
888 1981 1072 2060 potissimum
1095 1981 1201 2041 borum
1221 1979 1313 2040 trium

211 2071 354 2133 festorum
366 2074 472 2152 pugnis
487 2093 503 2133 a
519 2073 615 2133 Midia
627 2092 722 2134 caesus
738 2084 819 2133 esset
832 2073 1068 2134 Demosthenes?
1102 2074 1173 2146 ιιι,
1189 2090 1257 2150 quse
1267 2090 1314 2131 re·

206 2165 318 2227 citatur
331 2182 352 2244 s.
364 2166 402 2240 γ’.
417 2185 546 2244 quicque
560 2187 597 2226 cr
610 2187 645 2227 ca
656 2159 766 2246 repetit
778 2174 879 2227 orator
890 2169 913 2235 i.
927 2166 957 2225 δ’.
973 2165 1092 2236 docent,
1114 2170 1184 2242 post
1206 2163 1314 2224 Pandi-

208 2279 306 2332 orum,
318 2259 365 2318 rel
378 2259 544 2331 Jovislium,
556 2260 663 2320 festum
677 2259 797 2320 comitia
806 2278 842 2320 ea
854 2277 919 2320 csse
927 2257 1030 2318 haberi
1040 2257 1138 2332 solita,
1150 2257 1259 2335 quibus
1274 2257 1314 2316 de

208 2351 345 2431 peccatis
368 2353 449 2412 ciros
472 2352 613 2431 Dionysia
634 2352 789 2431 judicaret
808 2351 947 2430 populus.
988 2353 1052 2412 Jsm
1075 2351 1268 2412 videturfore
1279 2361 1316 2412 ut

209 2452 322 2522 pateat,
337 2463 405 2522 quar
425 2445 610 2524 potissimum
626 2444 824 2525 intelligantur
838 2443 992 2524 Dionysia,
1006 2445 1032 2504 si
1052 2452 1169 2506 constet
1181 2444 1212 2505 iu
1229 2442 1316 2522 quod

211 2546 330 2616 tempus
348 2536 417 2597 anui
440 2538 603 2598 ceciderint
625 2538 759 2598 Jovialia.
800 2538 846 2620 Es
867 2546 965 2596 autem
986 2537 1136 2609 (simodo
1153 2536 1271 2600 Πάνδια
1283 2544 1317 2597 et

210 2632 320 2690 Διάσια
334 2628 438 2688 eadem
461 2640 531 2689 sunt
555 2628 640 2703 festa,
656 2630 738 2708 quod
762 2628 896 2709 Tsyloro
908 2628 997 2689 iacile
1013 2630 1117 2708 credo>
1134 2630 1315 2691 scholiastes

212 2722 420 2801 Aristophanis
434 2721 471 2781 ad
488 2722 570 2782 Nub.
585 2729 656 2786 407.
673 2740 773 2782 meuse
793 2722 1020 2781 Autbcsterioue
1039 2722 1214 2801 (respondet
1227 2723 1252 2782 is
1265 2740 1319 2781 uo·

212 2818 282 2877 stris
302 2814 443 2876 Jauusrio
464 2823 495 2875 et
521 2816 683 2876 Februario
705 2814 863 2876 dimidiatis
884 2814 1018 2893 singulis)
1034 2824 1160 2875 exeunte
1174 2814 1318 2876 celebrari

212 2909 301 2969 solitu
315 2928 380 2969 csse
397 2918 507 2969 narrat.
548 2908 636 2968 Hunc
656 2910 680 2969 si
705 2908 865 2987 sequimur,
880 2925 949 2985 quae
969 2905 1028 2967 ulia
1047 2916 1173 2987 possunt
1191 2904 1318 2983 intelligi

210 3002 356 3083 Dionysia
367 3002 423 3061 nisi
437 3003 543 3062 lenas
558 3011 609 3061 snt
620 3000 823 3078 Authesteris,
837 3018 905 3079 que
921 3000 1068 3061 humone
1085 3009 1137 3061 sut
1157 3000 1318 3061 Antheste-

210 3096 296 3156 rloue
323 3094 415 3168 (idem
438 3104 484 3154 est
511 3095 630 3166 mensis,
648 3094 788 3173 idemque
815 3093 935 3165 festum,
960 3093 1076 3173 duplici
1103 3094 1319 3174 appellatione)

213 3186 464 3249 oelcbnbauturl
486 3186 531 3245 Eo
552 3185 642 3265 igitur
655 3186 733 3247 festo
747 3184 898 3264 vapulavit
919 3185 1143 3246 Demosthenes.
1184 3186 1244 3246 Sed
1263 3189 1319 3247 ob-

213 3290 285 3353 slsl,
299 3278 381 3359 quod
407 3279 470 3357 lpse
483 3278 557 3338 dicit
570 3284 593 3347 §.
608 3280 652 3339 ed.
666 3276 717 3337 liu.
737 3278 867 3340 ἐναντίον
881 3282 998 3337 πολλῶν
1010 3311 1050 3327 -
1061 3280 1145 3352 ξένων
1154 3312 1195 3323 -
1207 3276 1319 3358 ὓβριζό·

215 3398 283 3455 μην.
297 3370 339 3431 ci.
353 3371 441 3431 etiam
461 3384 483 3446 ς.
498 3378 548 3432 00.
565 3380 634 3449 post
647 3369 724 3431 med.
747 3370 863 3430 Lenaeis
881 3370 958 3430 enim
974 3370 1125 3450 Dionysiis
1149 3388 1209 3430 non
1228 3372 1319 3433 iuter·

214 3474 299 3525 crant
309 3462 466 3542 peregrini,
474 3462 555 3541 quod
566 3462 656 3523 docet
670 3462 838 3523 luculentus
847 3458 1056 3541 Aristophanis
1067 3462 1152 3522 locus
1166 3462 1196 3521 in
1208 3463 1321 3523 Acbar-

216 3555 358 3617 neusibus
369 3573 396 3614 v.
407 3562 478 3615 501.
493 3561 563 3615 5⁰2.
605 3554 674 3625 Quo
686 3554 815 3627 accedit,
831 3554 985 3634 Dionysia,
1000 3553 1024 3614 si
1035 3554 1207 3633 simpliciter
1216 3555 1321 3633 appel·

217 3648 326 3723 lentur,
346 3668 364 3707 e
385 3644 557 3706 Ruhnkeuii
581 3647 734 3717 sententia,
761 3646 926 3706 manifestis
947 3647 1125 3725 argumentis
1146 3644 1321 3719 tirmataea,

217 3738 407 3819 intelligenda
421 3758 487 3799 esse
509 3756 623 3817 inagna,
638 3737 685 3798 vel
706 3737 826 3799 urbana.
867 3737 938 3805 Quo
952 3739 1047 3798 minus
1066 3738 1168 3815 itaque
1182 3745 1321 3816 pureum

219 3832 386 3910 injuriaris
402 3830 496 3889 Midia
506 3829 616 3889 t'aotam
631 3850 694 3889 esse
710 3830 905 3890 Demostheni
923 3831 1234 3902 mordacitatem,
1249 3829 1324 3889 nihil

218 3923 344 4003 impedit
366 3922 420 3982 nisi
436 3922 617 3983 scholiastes
633 3922 682 3981 ille
707 3919 925 4000 Aristophanis,
948 3920 1075 3983 Jorialia
1098 3921 1191 3981 mensi
1207 3922 1323 3985 Anthe-
1356 3912 1361 3919 ’

220 4016 341 4077 sterioni
369 4016 530 4094 assignans,
556 4034 624 4074 cum
651 4034 757 4093 magua
789 4014 935 4074 Liberalia
961 4032 1062 4075 mense
1086 4014 1322 4093 Elaphebolione

218 4107 398 4187 (Februario
421 4116 523 4167 nostro
544 4115 574 4167 et
600 4108 711 4167 Martio
732 4106 854 4184 aeqrrali)
872 4107 1103 4167 celebrarentur.
1154 4107 1227 4179 Sed,
1243 4104 1323 4167 idem

220 4206 246 4265 si
258 4204 366 4265 erroris
380 4202 535 4263 convictus
550 4212 605 4274 est,
627 4202 656 4261 in
679 4199 834 4262 miscendis
849 4201 994 4273 Ληναίοις
1012 4210 1043 4260 et
1061 4210 1121 4268 τοῖς
1135 4203 1194 4261 κατ’
1206 4199 1324 4279 ἀγροῦς,

220 4314 364 4357 asummo
378 4296 565 4366 Ruhnkenio,
579 4294 614 4355 ad
631 4294 866 4355 Acharneusium
884 4312 912 4352 s.
922 4299 1004 4366 sol,
1014 4292 1120 4371 quidni
1132 4310 1211 4365 eum,
1219 4290 1324 4353 itidem

221 4393 252 4453 in
272 4402 405 4469 tempore
431 4400 486 4448 τῶν
499 4388 635 4449 Πανδίων
655 4388 851 4467 designando,
872 4388 1082 4448 hallucinatum
1101 4406 1165 4447 esse
1190 4387 1325 4465 suspice

221 4502 296 4555 mur,
317 4502 385 4543 cour
406 4482 479 4551 nibil
503 4491 646 4561 praetcrea
667 4482 733 4561 ejus
758 4480 912 4543 sentcntiae
931 4478 1051 4541 iarmtl
1083 4477 1280 4557 Harpocratio
1293 4484 1324 4538 et

260 4589 325 4631 rou.
340 4589 382 4631 nr.
769 4590 787 4628 e
