<?xml version="1.0" encoding="UTF-8"?>
<!DOCTYPE html PUBLIC "-//W3C//DTD XHTML 1.0 Transitional//EN"
    "http://www.w3.org/TR/xhtml1/DTD/xhtml1-transitional.dtd">
<html xmlns="http://www.w3.org/1999/xhtml" xml:lang="en" lang="en">
 <head>
  <title>
</title>
<meta http-equiv="Content-Type" content="text/html;charset=utf-8" />
  <meta name='ocr-system' content='tesseract 3.04.00' />
  <meta name='ocr-capabilities' content='ocr_page ocr_carea ocr_par ocr_line ocrx_word'/>
</head>
<body>
  <div class='ocr_page' id='page_1' title='image "./demosthenisetsc07ulpigoog_0020.png"; bbox 0 0 2992 4900; ppageno 0'>
   <div class='ocr_carea' id='block_1_1' title="bbox 225 237 1047 346">
    <p class='ocr_par' dir='ltr' id='par_1_1' title="bbox 225 237 1047 346">
     <span class='ocr_line' id='line_1_1' title="bbox 225 237 1047 346; baseline 0.019 -16"><span class='ocrx_word' id='word_1_1' title='bbox 225 255 251 330; x_wconf 82' lang='lat'><em>8</em></span> <span class='ocrx_word' id='word_1_2' title='bbox 496 237 1047 346; x_wconf 67' lang='lat' dir='ltr'>sranurucuruurar‘ro.</span> 
     </span>
    </p>
   </div>
   <div class='ocr_carea' id='block_1_2' title="bbox 219 431 1353 886">
    <p class='ocr_par' dir='ltr' id='par_1_2' title="bbox 219 431 1353 886">
     <span class='ocr_line' id='line_1_2' title="bbox 219 431 1353 512; baseline 0.009 -18"><span class='ocrx_word' id='word_1_3' title='bbox 219 432 297 511; x_wconf 79' lang='lat' dir='ltr'>jonis</span> <span class='ocrx_word' id='word_1_4' title='bbox 310 431 399 509; x_wconf 80' lang='lat' dir='ltr'>facio,</span> <span class='ocrx_word' id='word_1_5' title='bbox 415 451 506 512; x_wconf 89' lang='lat' dir='ltr'>quarn</span> <span class='ocrx_word' id='word_1_6' title='bbox 524 433 604 496; x_wconf 84' lang='lat' dir='ltr'>huuc</span> <span class='ocrx_word' id='word_1_7' title='bbox 618 435 857 510; x_wconf 74' lang='lat' dir='ltr'>homuncionem,</span> <span class='ocrx_word' id='word_1_8' title='bbox 872 437 1053 507; x_wconf 74' lang='lat' dir='ltr'>Phocionem</span> <span class='ocrx_word' id='word_1_9' title='bbox 1066 439 1196 503; x_wconf 81' lang='lat' dir='ltr'>cicutam</span> <span class='ocrx_word' id='word_1_10' title='bbox 1217 443 1331 505; x_wconf 84' lang='lat' dir='ltr'>bibisse</span> <span class='ocrx_word' id='word_1_11' title='bbox 1348 437 1353 444; x_wconf 76' lang='grc'>’</span> 
     </span>
     <span class='ocr_line' id='line_1_3' title="bbox 224 525 1329 612; baseline 0.007 -24"><span class='ocrx_word' id='word_1_12' title='bbox 224 526 344 605; x_wconf 83' lang='lat' dir='ltr'>Olymp.</span> <span class='ocrx_word' id='word_1_13' title='bbox 361 525 455 586; x_wconf 84' lang='lat' dir='ltr'>CXV.</span> <span class='ocrx_word' id='word_1_14' title='bbox 468 533 497 588; x_wconf 75' lang='lat'>³.</span> <span class='ocrx_word' id='word_1_15' title='bbox 512 537 542 588; x_wconf 89' lang='lat' dir='ltr'>et</span> <span class='ocrx_word' id='word_1_16' title='bbox 562 529 698 602; x_wconf 82' lang='lat' dir='ltr'>Midian,</span> <span class='ocrx_word' id='word_1_17' title='bbox 719 537 794 600; x_wconf 84' lang='lat' dir='ltr'>tum,</span> <span class='ocrx_word' id='word_1_18' title='bbox 808 547 876 590; x_wconf 89' lang='lat' dir='ltr'>cunr</span> <span class='ocrx_word' id='word_1_19' title='bbox 891 531 1045 594; x_wconf 82' lang='lat' dir='ltr'>AEsclsines</span> <span class='ocrx_word' id='word_1_20' title='bbox 1063 533 1094 594; x_wconf 91' lang='lat' dir='ltr'>in</span> <span class='ocrx_word' id='word_1_21' title='bbox 1109 530 1261 612; x_wconf 85' lang='lat' dir='ltr'>judicium</span> <span class='ocrx_word' id='word_1_22' title='bbox 1273 536 1329 596; x_wconf 82' lang='lat' dir='ltr'>ad·</span> 
     </span>
     <span class='ocr_line' id='line_1_4' title="bbox 222 617 1332 704; baseline 0.011 -26"><span class='ocrx_word' id='word_1_23' title='bbox 222 617 720 702; x_wconf 64' lang='lat' dir='ltr'>duxitctes&#39;rohoutem,sc.015nrp.</span> <span class='ocrx_word' id='word_1_24' title='bbox 729 621 867 686; x_wconf 77' lang='lat' dir='ltr'>cruta</span> <span class='ocrx_word' id='word_1_25' title='bbox 876 625 1170 704; x_wconf 81' lang='lat' dir='ltr'>testeipeoAEschine</span> <span class='ocrx_word' id='word_1_26' title='bbox 1182 628 1332 690; x_wconf 84' lang='lat' dir='ltr'>incudem</span> 
     </span>
     <span class='ocr_line' id='line_1_5' title="bbox 222 712 1328 790; baseline 0.01 -19"><span class='ocrx_word' id='word_1_27' title='bbox 222 712 368 789; x_wconf 77' lang='lat' dir='ltr'>oratione,</span> <span class='ocrx_word' id='word_1_28' title='bbox 382 721 472 790; x_wconf 86' lang='lat' dir='ltr'>etque</span> <span class='ocrx_word' id='word_1_29' title='bbox 483 714 714 786; x_wconf 78' lang='lat' dir='ltr'>etiam‘dolente,</span> <span class='ocrx_word' id='word_1_30' title='bbox 722 713 846 776; x_wconf 85' lang='lat' dir='ltr'>desiisse</span> <span class='ocrx_word' id='word_1_31' title='bbox 856 716 934 776; x_wconf 84' lang='lat' dir='ltr'>inter</span> <span class='ocrx_word' id='word_1_32' title='bbox 942 719 1023 781; x_wconf 83' lang='lat' dir='ltr'>vivos</span> <span class='ocrx_word' id='word_1_33' title='bbox 1031 721 1188 782; x_wconf 78' lang='lat' dir='ltr'>numerari.</span> <span class='ocrx_word' id='word_1_34' title='bbox 1217 720 1328 782; x_wconf 76' lang='lat' dir='ltr'>unffi·</span> 
     </span>
     <span class='ocr_line' id='line_1_6' title="bbox 224 805 1329 886; baseline 0.008 -20"><span class='ocrx_word' id='word_1_35' title='bbox 224 805 363 867; x_wconf 83' lang='lat' dir='ltr'>storicuna</span> <span class='ocrx_word' id='word_1_36' title='bbox 372 805 571 886; x_wconf 76' lang='lat' dir='ltr'>fidedignumt</span> <span class='ocrx_word' id='word_1_37' title='bbox 585 809 631 870; x_wconf 88' lang='lat' dir='ltr'>En</span> <span class='ocrx_word' id='word_1_38' title='bbox 642 807 1154 886; x_wconf 80' lang='lat' dir='ltr'>illum,quemvocauti¹luturchurn.</span> <span class='ocrx_word' id='word_1_39' title='bbox 1168 815 1329 876; x_wconf 72' lang='lat' dir='ltr'>Terrore.</span> 
     </span>
    </p>
   </div>
   <div class='ocr_carea' id='block_1_3' title="bbox 483 1027 1181 1114">
    <p class='ocr_par' dir='ltr' id='par_1_3' title="bbox 483 1027 1181 1114">
     <span class='ocr_line' id='line_1_7' title="bbox 483 1027 1181 1114; baseline 0.007 -7"><span class='ocrx_word' id='word_1_40' title='bbox 483 1041 774 1114; x_wconf 74' lang='lat' dir='ltr'>srannruun</span> <span class='ocrx_word' id='word_1_41' title='bbox 801 1041 1073 1112; x_wconf 72' lang='lat' dir='ltr'>ruarmo.</span> <span class='ocrx_word' id='word_1_42' title='bbox 1177 1027 1181 1034; x_wconf 82' lang='lat'><em>&#39;</em></span> 
     </span>
    </p>
   </div>
   <div class='ocr_carea' id='block_1_4' title="bbox 611 1169 937 1213">
    <p class='ocr_par' dir='ltr' id='par_1_4' title="bbox 611 1169 937 1213">
     <span class='ocr_line' id='line_1_8' title="bbox 611 1169 937 1213; baseline 0.003 -1"><span class='ocrx_word' id='word_1_43' title='bbox 611 1171 632 1212; x_wconf 58' lang='lat' dir='ltr'>d</span> <span class='ocrx_word' id='word_1_44' title='bbox 763 1169 785 1213; x_wconf 55' lang='grc'>1</span> <span class='ocrx_word' id='word_1_45' title='bbox 914 1169 937 1213; x_wconf 57' lang='lat' dir='ltr'>l</span> 
     </span>
    </p>
   </div>
   <div class='ocr_carea' id='block_1_5' title="bbox 214 1277 1423 3121">
    <p class='ocr_par' dir='ltr' id='par_1_5' title="bbox 221 1277 1423 1547">
     <span class='ocr_line' id='line_1_9' title="bbox 262 1277 1325 1358; baseline 0.005 -21"><span class='ocrx_word' id='word_1_46' title='bbox 262 1277 378 1350; x_wconf 78' lang='lat' dir='ltr'>Nunc,</span> <span class='ocrx_word' id='word_1_47' title='bbox 399 1287 557 1357; x_wconf 74' lang='lat' dir='ltr'><strong>antequam</strong></span> <span class='ocrx_word' id='word_1_48' title='bbox 579 1279 616 1338; x_wconf 89' lang='lat' dir='ltr'>ad</span> <span class='ocrx_word' id='word_1_49' title='bbox 638 1280 734 1358; x_wconf 87' lang='lat' dir='ltr'>ipsum</span> <span class='ocrx_word' id='word_1_50' title='bbox 755 1288 904 1342; x_wconf 82' lang='lat' dir='ltr'>oratorem</span> <span class='ocrx_word' id='word_1_51' title='bbox 923 1279 1070 1344; x_wconf 74' lang='lat' dir='ltr'>dimittam</span> <span class='ocrx_word' id='word_1_52' title='bbox 1093 1283 1247 1357; x_wconf 78' lang='lat' dir='ltr'>lectorem,</span> <span class='ocrx_word' id='word_1_53' title='bbox 1261 1299 1325 1342; x_wconf 88' lang='lat' dir='ltr'>mo-</span> 
     </span>
     <span class='ocr_line' id='line_1_10' title="bbox 223 1373 1423 1454; baseline 0.006 -22"><span class='ocrx_word' id='word_1_54' title='bbox 223 1373 320 1432; x_wconf 85' lang='lat' dir='ltr'>nenda</span> <span class='ocrx_word' id='word_1_55' title='bbox 343 1373 414 1432; x_wconf 87' lang='lat' dir='ltr'>mihi</span> <span class='ocrx_word' id='word_1_56' title='bbox 436 1384 506 1434; x_wconf 87' lang='lat' dir='ltr'>sunt</span> <span class='ocrx_word' id='word_1_57' title='bbox 528 1373 638 1452; x_wconf 75' lang='lat' dir='ltr'>alique,</span> <span class='ocrx_word' id='word_1_58' title='bbox 661 1374 799 1436; x_wconf 82' lang='lat' dir='ltr'>universe</span> <span class='ocrx_word' id='word_1_59' title='bbox 819 1373 859 1434; x_wconf 87' lang='lat' dir='ltr'>ad</span> <span class='ocrx_word' id='word_1_60' title='bbox 883 1375 994 1436; x_wconf 73' lang='lat' dir='ltr'>Atticm</span> <span class='ocrx_word' id='word_1_61' title='bbox 1015 1376 1168 1450; x_wconf 68' lang='lat' dir='ltr'>camon,</span> <span class='ocrx_word' id='word_1_62' title='bbox 1181 1387 1214 1438; x_wconf 87' lang='lat' dir='ltr'>et</span> <span class='ocrx_word' id='word_1_63' title='bbox 1232 1376 1325 1454; x_wconf 75' lang='lat' dir='ltr'>huius</span> <span class='ocrx_word' id='word_1_64' title='bbox 1417 1373 1423 1392; x_wconf 93' lang='lat'>&#39;</span> 
     </span>
     <span class='ocr_line' id='line_1_11' title="bbox 221 1465 893 1547; baseline 0.007 -24"><span class='ocrx_word' id='word_1_65' title='bbox 221 1465 419 1542; x_wconf 87' lang='lat' dir='ltr'>potissimum,</span> <span class='ocrx_word' id='word_1_66' title='bbox 430 1465 701 1544; x_wconf 67' lang='lat' dir='ltr'>interpretationem</span> <span class='ocrx_word' id='word_1_67' title='bbox 716 1467 893 1547; x_wconf 83' lang='lat' dir='ltr'>spectantia.</span> 
     </span>
    </p>

    <p class='ocr_par' dir='ltr' id='par_1_6' title="bbox 214 1557 1337 3121">
     <span class='ocr_line' id='line_1_12' title="bbox 260 1557 1325 1642; baseline 0.006 -26"><span class='ocrx_word' id='word_1_68' title='bbox 260 1558 291 1616; x_wconf 89' lang='lat' dir='ltr'>Si</span> <span class='ocrx_word' id='word_1_69' title='bbox 304 1558 344 1618; x_wconf 87' lang='lat' dir='ltr'>sit</span> <span class='ocrx_word' id='word_1_70' title='bbox 358 1557 510 1634; x_wconf 85' lang='lat' dir='ltr'>judicialia</span> <span class='ocrx_word' id='word_1_71' title='bbox 524 1559 631 1632; x_wconf 81' lang='lat' dir='ltr'>oratio,</span> <span class='ocrx_word' id='word_1_72' title='bbox 652 1577 741 1638; x_wconf 85' lang='lat' dir='ltr'>quern</span> <span class='ocrx_word' id='word_1_73' title='bbox 764 1557 898 1638; x_wconf 78' lang='lat' dir='ltr'>tegimus,</span> <span class='ocrx_word' id='word_1_74' title='bbox 912 1565 946 1619; x_wconf 92' lang='lat' dir='ltr'>ut</span> <span class='ocrx_word' id='word_1_75' title='bbox 965 1568 1012 1620; x_wconf 91' lang='lat' dir='ltr'>est</span> <span class='ocrx_word' id='word_1_76' title='bbox 1033 1567 1148 1634; x_wconf 83' lang='lat' dir='ltr'>nostra,</span> <span class='ocrx_word' id='word_1_77' title='bbox 1160 1560 1325 1642; x_wconf 81' lang='lat' dir='ltr'>compellat</span> 
     </span>
     <span class='ocr_line' id='line_1_13' title="bbox 220 1649 1324 1732; baseline 0.005 -24"><span class='ocrx_word' id='word_1_78' title='bbox 220 1650 393 1728; x_wconf 84' lang='lat' dir='ltr'>plerumque</span> <span class='ocrx_word' id='word_1_79' title='bbox 408 1649 632 1730; x_wconf 86' lang='lat' dir='ltr'>oratorjudices</span> <span class='ocrx_word' id='word_1_80' title='bbox 642 1671 720 1722; x_wconf 88' lang='lat' dir='ltr'>suos,</span> <span class='ocrx_word' id='word_1_81' title='bbox 732 1651 836 1732; x_wconf 81' lang='lat' dir='ltr'>ibique</span> <span class='ocrx_word' id='word_1_82' title='bbox 849 1652 929 1731; x_wconf 87' lang='lat' dir='ltr'>apud</span> <span class='ocrx_word' id='word_1_83' title='bbox 940 1652 1059 1730; x_wconf 80' lang='lat' dir='ltr'>Atticos</span> <span class='ocrx_word' id='word_1_84' title='bbox 1068 1653 1194 1715; x_wconf 80' lang='lat' dir='ltr'>recurrit</span> <span class='ocrx_word' id='word_1_85' title='bbox 1204 1671 1324 1732; x_wconf 87' lang='lat' dir='ltr'>semper</span> 
     </span>
     <span class='ocr_line' id='line_1_14' title="bbox 219 1737 1325 1824; baseline 0.004 -24"><span class='ocrx_word' id='word_1_86' title='bbox 219 1741 314 1802; x_wconf 77' lang='lat' dir='ltr'>ittud:</span> <span class='ocrx_word' id='word_1_87' title='bbox 336 1739 473 1823; x_wconf 71' lang='grc' dir='ltr'><strong><em>ὖᾶνδρες</em></strong></span> <span class='ocrx_word' id='word_1_88' title='bbox 488 1743 628 1818; x_wconf 75' lang='grc' dir='ltr'>δικασταὶ,</span> <span class='ocrx_word' id='word_1_89' title='bbox 642 1737 738 1818; x_wconf 50' lang='lat' dir='ltr'>velud</span> <span class='ocrx_word' id='word_1_90' title='bbox 759 1743 860 1824; x_wconf 71' lang='grc' dir='ltr'><strong><em>ἄνδρες</em></strong></span> <span class='ocrx_word' id='word_1_91' title='bbox 879 1745 1042 1818; x_wconf 72' lang='grc' dir='ltr'>Ἀθηναῖοι.</span> <span class='ocrx_word' id='word_1_92' title='bbox 1083 1745 1137 1804; x_wconf 77' lang='lat' dir='ltr'>Eae</span> <span class='ocrx_word' id='word_1_93' title='bbox 1158 1744 1325 1806; x_wconf 74' lang='lat' dir='ltr'>locutione!</span> 
     </span>
     <span class='ocr_line' id='line_1_15' title="bbox 219 1834 1322 1916; baseline 0.003 -22"><span class='ocrx_word' id='word_1_94' title='bbox 219 1855 259 1894; x_wconf 86' lang='lat' dir='ltr'>ex</span> <span class='ocrx_word' id='word_1_95' title='bbox 280 1835 371 1895; x_wconf 80' lang='lat' dir='ltr'>Attici</span> <span class='ocrx_word' id='word_1_96' title='bbox 392 1834 449 1896; x_wconf 85' lang='lat' dir='ltr'>iori</span> <span class='ocrx_word' id='word_1_97' title='bbox 473 1844 574 1897; x_wconf 84' lang='lat' dir='ltr'>nutura</span> <span class='ocrx_word' id='word_1_98' title='bbox 594 1847 665 1899; x_wconf 85' lang='lat' dir='ltr'>sunt</span> <span class='ocrx_word' id='word_1_99' title='bbox 687 1837 868 1916; x_wconf 75' lang='lat' dir='ltr'>repetendae.</span> <span class='ocrx_word' id='word_1_100' title='bbox 909 1836 985 1897; x_wconf 86' lang='lat' dir='ltr'>Cum</span> <span class='ocrx_word' id='word_1_101' title='bbox 1006 1837 1084 1898; x_wconf 90' lang='lat' dir='ltr'>enim</span> <span class='ocrx_word' id='word_1_102' title='bbox 1102 1835 1233 1914; x_wconf 85' lang='lat' dir='ltr'>populus</span> <span class='ocrx_word' id='word_1_103' title='bbox 1255 1835 1322 1914; x_wconf 87' lang='lat' dir='ltr'>ipse</span> 
     </span>
     <span class='ocr_line' id='line_1_16' title="bbox 214 1927 1323 2012; baseline 0.003 -25"><span class='ocrx_word' id='word_1_104' title='bbox 214 1927 352 2005; x_wconf 77' lang='lat' dir='ltr'>judicum</span> <span class='ocrx_word' id='word_1_105' title='bbox 377 1929 484 1989; x_wconf 88' lang='lat' dir='ltr'>muniis</span> <span class='ocrx_word' id='word_1_106' title='bbox 511 1931 657 2012; x_wconf 81' lang='lat' dir='ltr'>obeundis</span> <span class='ocrx_word' id='word_1_107' title='bbox 680 1929 826 1992; x_wconf 84' lang='lat' dir='ltr'>libertatis</span> <span class='ocrx_word' id='word_1_108' title='bbox 846 1949 907 1990; x_wconf 78' lang='lat' dir='ltr'>sun</span> <span class='ocrx_word' id='word_1_109' title='bbox 925 1949 1010 1992; x_wconf 88' lang='lat' dir='ltr'>usum</span> <span class='ocrx_word' id='word_1_110' title='bbox 1037 1937 1201 2008; x_wconf 82' lang='lat' dir='ltr'>exerceret,</span> <span class='ocrx_word' id='word_1_111' title='bbox 1213 1928 1323 1990; x_wconf 84' lang='lat' dir='ltr'>ecdem</span> 
     </span>
     <span class='ocr_line' id='line_1_17' title="bbox 220 2018 1321 2102; baseline 0.002 -22"><span class='ocrx_word' id='word_1_112' title='bbox 220 2020 306 2091; x_wconf 89' lang='lat' dir='ltr'>redit,</span> <span class='ocrx_word' id='word_1_113' title='bbox 318 2018 379 2080; x_wconf 87' lang='lat' dir='ltr'>sive</span> <span class='ocrx_word' id='word_1_114' title='bbox 391 2021 524 2092; x_wconf 75' lang='grc' dir='ltr'>δικαστὰς</span> <span class='ocrx_word' id='word_1_115' title='bbox 534 2023 595 2084; x_wconf 89' lang='lat' dir='ltr'>sive</span> <span class='ocrx_word' id='word_1_116' title='bbox 603 2021 780 2095; x_wconf 63' lang='grc' dir='ltr'>Ἀθηναίους</span> <span class='ocrx_word' id='word_1_117' title='bbox 797 2022 927 2102; x_wconf 85' lang='lat' dir='ltr'>appellet</span> <span class='ocrx_word' id='word_1_118' title='bbox 940 2020 1092 2081; x_wconf 85' lang='lat' dir='ltr'>auditores</span> <span class='ocrx_word' id='word_1_119' title='bbox 1106 2027 1218 2082; x_wconf 84' lang='lat' dir='ltr'>orator.</span> <span class='ocrx_word' id='word_1_120' title='bbox 1248 2021 1321 2082; x_wconf 87' lang='lat' dir='ltr'>Non</span> 
     </span>
     <span class='ocr_line' id='line_1_18' title="bbox 219 2109 1323 2192; baseline 0.002 -21"><span class='ocrx_word' id='word_1_121' title='bbox 219 2112 286 2173; x_wconf 90' lang='lat' dir='ltr'>loco</span> <span class='ocrx_word' id='word_1_122' title='bbox 300 2111 393 2172; x_wconf 91' lang='lat' dir='ltr'>nobili</span> <span class='ocrx_word' id='word_1_123' title='bbox 403 2116 473 2186; x_wconf 84' lang='lat' dir='ltr'>nati,</span> <span class='ocrx_word' id='word_1_124' title='bbox 495 2135 553 2176; x_wconf 90' lang='lat' dir='ltr'>non</span> <span class='ocrx_word' id='word_1_125' title='bbox 568 2115 659 2176; x_wconf 87' lang='lat' dir='ltr'>literis</span> <span class='ocrx_word' id='word_1_126' title='bbox 674 2114 838 2188; x_wconf 74' lang='lat' dir='ltr'>auratique</span> <span class='ocrx_word' id='word_1_127' title='bbox 856 2109 1004 2174; x_wconf 84' lang='lat' dir='ltr'>artificiali</span> <span class='ocrx_word' id='word_1_128' title='bbox 1021 2111 1259 2192; x_wconf 87' lang='lat' dir='ltr'>jurisprudentia</span> <span class='ocrx_word' id='word_1_129' title='bbox 1275 2111 1323 2173; x_wconf 80' lang='lat' dir='ltr'>in·</span> 
     </span>
     <span class='ocr_line' id='line_1_19' title="bbox 218 2203 1321 2287; baseline 0.003 -24"><span class='ocrx_word' id='word_1_130' title='bbox 218 2205 323 2265; x_wconf 89' lang='lat' dir='ltr'>structi</span> <span class='ocrx_word' id='word_1_131' title='bbox 345 2216 429 2266; x_wconf 83' lang='lat' dir='ltr'>erunt</span> <span class='ocrx_word' id='word_1_132' title='bbox 449 2206 479 2280; x_wconf 85' lang='lat' dir='ltr'>ii,</span> <span class='ocrx_word' id='word_1_133' title='bbox 495 2209 547 2286; x_wconf 84' lang='lat' dir='ltr'>qui</span> <span class='ocrx_word' id='word_1_134' title='bbox 564 2207 686 2287; x_wconf 85' lang='lat' dir='ltr'>judicer</span> <span class='ocrx_word' id='word_1_135' title='bbox 701 2205 839 2268; x_wconf 81' lang='lat' dir='ltr'>rederent</span> <span class='ocrx_word' id='word_1_136' title='bbox 852 2203 932 2282; x_wconf 87' lang='lat' dir='ltr'>apud</span> <span class='ocrx_word' id='word_1_137' title='bbox 948 2203 1168 2276; x_wconf 67' lang='lat' dir='ltr'>Atheniensese</span> <span class='ocrx_word' id='word_1_138' title='bbox 1188 2205 1253 2278; x_wconf 88' lang='lat' dir='ltr'>sed,</span> <span class='ocrx_word' id='word_1_139' title='bbox 1266 2205 1321 2285; x_wconf 88' lang='lat' dir='ltr'>qui</span> 
     </span>
     <span class='ocr_line' id='line_1_20' title="bbox 217 2295 1321 2382; baseline 0.003 -25"><span class='ocrx_word' id='word_1_140' title='bbox 217 2297 306 2358; x_wconf 77' lang='lat' dir='ltr'>laonio</span> <span class='ocrx_word' id='word_1_141' title='bbox 327 2307 406 2360; x_wconf 86' lang='lat' dir='ltr'>esset</span> <span class='ocrx_word' id='word_1_142' title='bbox 425 2308 456 2360; x_wconf 93' lang='lat' dir='ltr'>et</span> <span class='ocrx_word' id='word_1_143' title='bbox 474 2301 604 2382; x_wconf 84' lang='lat' dir='ltr'>ciris‚is</span> <span class='ocrx_word' id='word_1_144' title='bbox 635 2300 722 2360; x_wconf 83' lang='lat' dir='ltr'>etiam</span> <span class='ocrx_word' id='word_1_145' title='bbox 748 2305 830 2358; x_wconf 89' lang='lat' dir='ltr'>recte</span> <span class='ocrx_word' id='word_1_146' title='bbox 850 2295 991 2374; x_wconf 73' lang='lat' dir='ltr'>judicare</span> <span class='ocrx_word' id='word_1_147' title='bbox 1013 2317 1102 2377; x_wconf 83' lang='lat' dir='ltr'>pesse</span> <span class='ocrx_word' id='word_1_148' title='bbox 1127 2299 1321 2360; x_wconf 83' lang='lat' dir='ltr'>credebatur.</span> 
     </span>
     <span class='ocr_line' id='line_1_21' title="bbox 218 2387 1319 2473; baseline -0.002 -20"><span class='ocrx_word' id='word_1_149' title='bbox 218 2393 296 2463; x_wconf 79' lang='lat' dir='ltr'>Quae</span> <span class='ocrx_word' id='word_1_150' title='bbox 313 2392 497 2473; x_wconf 86' lang='lat' dir='ltr'>judiciorum</span> <span class='ocrx_word' id='word_1_151' title='bbox 522 2392 664 2467; x_wconf 87' lang='lat' dir='ltr'>conditio,</span> <span class='ocrx_word' id='word_1_152' title='bbox 685 2399 719 2453; x_wconf 92' lang='lat' dir='ltr'>ut</span> <span class='ocrx_word' id='word_1_153' title='bbox 731 2387 893 2470; x_wconf 82' lang='lat' dir='ltr'>sequulium</span> <span class='ocrx_word' id='word_1_154' title='bbox 914 2401 1081 2453; x_wconf 88' lang='lat' dir='ltr'>nostrorum</span> <span class='ocrx_word' id='word_1_155' title='bbox 1099 2392 1218 2473; x_wconf 82' lang='lat' dir='ltr'>aliquot</span> <span class='ocrx_word' id='word_1_156' title='bbox 1230 2390 1319 2465; x_wconf 83' lang='lat' dir='ltr'>futili,</span> 
     </span>
     <span class='ocr_line' id='line_1_22' title="bbox 218 2485 1320 2567; baseline 0.002 -22"><span class='ocrx_word' id='word_1_157' title='bbox 218 2504 307 2565; x_wconf 87' lang='lat' dir='ltr'>quam</span> <span class='ocrx_word' id='word_1_158' title='bbox 327 2488 487 2567; x_wconf 81' lang='lat' dir='ltr'>appellant,</span> <span class='ocrx_word' id='word_1_159' title='bbox 510 2485 705 2567; x_wconf 74' lang='lat' dir='ltr'>philosophiae</span> <span class='ocrx_word' id='word_1_160' title='bbox 720 2494 752 2545; x_wconf 89' lang='lat' dir='ltr'>et</span> <span class='ocrx_word' id='word_1_161' title='bbox 773 2485 884 2546; x_wconf 80' lang='lat' dir='ltr'>levitati</span> <span class='ocrx_word' id='word_1_162' title='bbox 905 2485 1115 2548; x_wconf 76' lang='lat' dir='ltr'>democraticae</span> <span class='ocrx_word' id='word_1_163' title='bbox 1138 2506 1320 2567; x_wconf 76' lang='lat' dir='ltr'>magnopere</span> 
     </span>
     <span class='ocr_line' id='line_1_23' title="bbox 216 2576 1320 2659; baseline 0.002 -20"><span class='ocrx_word' id='word_1_164' title='bbox 216 2578 341 2639; x_wconf 81' lang='lat' dir='ltr'>sortasse</span> <span class='ocrx_word' id='word_1_165' title='bbox 367 2578 519 2653; x_wconf 76' lang='lat' dir='ltr'>arridebit,</span> <span class='ocrx_word' id='word_1_166' title='bbox 553 2578 596 2639; x_wconf 84' lang='lat' dir='ltr'>ita</span> <span class='ocrx_word' id='word_1_167' title='bbox 619 2577 711 2657; x_wconf 80' lang='lat' dir='ltr'>mttgis</span> <span class='ocrx_word' id='word_1_168' title='bbox 745 2576 844 2639; x_wconf 88' lang='lat' dir='ltr'>sobrie</span> <span class='ocrx_word' id='word_1_169' title='bbox 870 2578 1150 2659; x_wconf 72' lang='lat' dir='ltr'>philosophantibus</span> <span class='ocrx_word' id='word_1_170' title='bbox 1176 2578 1320 2659; x_wconf 77' lang='lat' dir='ltr'>pestilera</span> 
     </span>
     <span class='ocr_line' id='line_1_24' title="bbox 217 2668 1320 2749; baseline 0.003 -21"><span class='ocrx_word' id='word_1_171' title='bbox 217 2688 293 2730; x_wconf 77' lang='lat' dir='ltr'>cerac</span> <span class='ocrx_word' id='word_1_172' title='bbox 304 2670 432 2731; x_wconf 79' lang='lat' dir='ltr'>libertati</span> <span class='ocrx_word' id='word_1_173' title='bbox 442 2670 630 2749; x_wconf 73' lang='lat' dir='ltr'>justitiaque</span> <span class='ocrx_word' id='word_1_174' title='bbox 640 2678 671 2731; x_wconf 86' lang='lat' dir='ltr'>et</span> <span class='ocrx_word' id='word_1_175' title='bbox 684 2668 776 2731; x_wconf 87' lang='lat' dir='ltr'>fuisse</span> <span class='ocrx_word' id='word_1_176' title='bbox 790 2678 897 2731; x_wconf 88' lang='lat' dir='ltr'>etesse</span> <span class='ocrx_word' id='word_1_177' title='bbox 908 2670 1020 2731; x_wconf 87' lang='lat' dir='ltr'>debere</span> <span class='ocrx_word' id='word_1_178' title='bbox 1035 2671 1195 2733; x_wconf 80' lang='lat' dir='ltr'>videbitur.</span> <span class='ocrx_word' id='word_1_179' title='bbox 1236 2671 1320 2731; x_wconf 76' lang='lat' dir='ltr'>Prae·</span> 
     </span>
     <span class='ocr_line' id='line_1_25' title="bbox 216 2760 1337 2847; baseline 0.003 -25"><span class='ocrx_word' id='word_1_180' title='bbox 216 2770 261 2823; x_wconf 86' lang='lat' dir='ltr'>ter</span> <span class='ocrx_word' id='word_1_181' title='bbox 271 2760 433 2824; x_wconf 78' lang='lat' dir='ltr'>Consilium</span> <span class='ocrx_word' id='word_1_182' title='bbox 446 2764 477 2825; x_wconf 91' lang='lat' dir='ltr'>in</span> <span class='ocrx_word' id='word_1_183' title='bbox 491 2764 574 2825; x_wconf 85' lang='lat' dir='ltr'>Colle</span> <span class='ocrx_word' id='word_1_184' title='bbox 587 2763 698 2825; x_wconf 85' lang='lat' dir='ltr'>Martio</span> <span class='ocrx_word' id='word_1_185' title='bbox 707 2766 771 2840; x_wconf 71' lang='grc' dir='ltr'>(τὴν</span> <span class='ocrx_word' id='word_1_186' title='bbox 784 2763 816 2823; x_wconf 78' lang='grc' dir='ltr'>ἐν</span> <span class='ocrx_word' id='word_1_187' title='bbox 830 2768 931 2847; x_wconf 75' lang='lat' dir='ltr'>&#39;Apetp</span> <span class='ocrx_word' id='word_1_188' title='bbox 946 2764 1032 2847; x_wconf 64' lang='grc' dir='ltr'>πάγῳ</span> <span class='ocrx_word' id='word_1_189' title='bbox 1040 2762 1166 2841; x_wconf 74' lang='grc' dir='ltr'>βουλὴν)</span> <span class='ocrx_word' id='word_1_190' title='bbox 1180 2764 1263 2844; x_wconf 87' lang='lat' dir='ltr'>quod</span> <span class='ocrx_word' id='word_1_191' title='bbox 1274 2772 1337 2825; x_wconf 82' lang='lat' dir='ltr'>so·‘</span> 
     </span>
     <span class='ocr_line' id='line_1_26' title="bbox 216 2855 1319 2937; baseline -0.001 -21"><span class='ocrx_word' id='word_1_192' title='bbox 216 2857 286 2929; x_wconf 86' lang='lat' dir='ltr'>lum,</span> <span class='ocrx_word' id='word_1_193' title='bbox 301 2858 388 2918; x_wconf 86' lang='lat' dir='ltr'>etiarn</span> <span class='ocrx_word' id='word_1_194' title='bbox 409 2868 480 2937; x_wconf 85' lang='lat' dir='ltr'>post</span> <span class='ocrx_word' id='word_1_195' title='bbox 492 2856 614 2917; x_wconf 83' lang='lat' dir='ltr'>Periclis</span> <span class='ocrx_word' id='word_1_196' title='bbox 632 2856 894 2917; x_wconf 84' lang='lat' dir='ltr'>circumscribendi</span> <span class='ocrx_word' id='word_1_197' title='bbox 908 2856 974 2935; x_wconf 82' lang='lat' dir='ltr'>ejus</span> <span class='ocrx_word' id='word_1_198' title='bbox 992 2856 1147 2917; x_wconf 84' lang='lat' dir='ltr'>conamina</span> <span class='ocrx_word' id='word_1_199' title='bbox 1161 2855 1319 2935; x_wconf 84' lang='lat' dir='ltr'>haudqua-</span> 
     </span>
     <span class='ocr_line' id='line_1_27' title="bbox 217 2948 1321 3029; baseline 0 -20"><span class='ocrx_word' id='word_1_200' title='bbox 217 2968 306 3027; x_wconf 85' lang='lat' dir='ltr'>quum</span> <span class='ocrx_word' id='word_1_201' title='bbox 330 2949 422 3021; x_wconf 81' lang='lat' dir='ltr'>irrita,</span> <span class='ocrx_word' id='word_1_202' title='bbox 445 2948 620 3029; x_wconf 76' lang='lat' dir='ltr'>dignitatem</span> <span class='ocrx_word' id='word_1_203' title='bbox 640 2948 771 3027; x_wconf 80' lang='lat' dir='ltr'>aliquam</span> <span class='ocrx_word' id='word_1_204' title='bbox 799 2949 1007 3025; x_wconf 73' lang='lat' dir='ltr'>conservabat,</span> <span class='ocrx_word' id='word_1_205' title='bbox 1030 2949 1134 3009; x_wconf 90' lang='lat' dir='ltr'>decem</span> <span class='ocrx_word' id='word_1_206' title='bbox 1156 2948 1213 3009; x_wconf 84' lang='lat' dir='ltr'>elia</span> <span class='ocrx_word' id='word_1_207' title='bbox 1232 2956 1321 3009; x_wconf 85' lang='lat' dir='ltr'>eraut</span> 
     </span>
     <span class='ocr_line' id='line_1_28' title="bbox 214 3040 1320 3121; baseline 0.001 -21"><span class='ocrx_word' id='word_1_208' title='bbox 214 3041 385 3115; x_wconf 83' lang='lat' dir='ltr'>tribunalis,</span> <span class='ocrx_word' id='word_1_209' title='bbox 400 3062 526 3121; x_wconf 88' lang='lat' dir='ltr'>qnorum</span> <span class='ocrx_word' id='word_1_210' title='bbox 541 3051 669 3121; x_wconf 87' lang='lat' dir='ltr'>quatuor</span> <span class='ocrx_word' id='word_1_211' title='bbox 682 3040 782 3101; x_wconf 78' lang='lat' dir='ltr'>credes</span> <span class='ocrx_word' id='word_1_212' title='bbox 795 3058 857 3101; x_wconf 91' lang='lat' dir='ltr'>non</span> <span class='ocrx_word' id='word_1_213' title='bbox 870 3041 1006 3102; x_wconf 85' lang='lat' dir='ltr'>consulto</span> <span class='ocrx_word' id='word_1_214' title='bbox 1021 3042 1118 3103; x_wconf 79' lang='lat' dir='ltr'>tectas</span> <span class='ocrx_word' id='word_1_215' title='bbox 1128 3040 1320 3119; x_wconf 86' lang='lat' dir='ltr'>judicabant,</span> 
     </span>
    </p>
   </div>
   <div class='ocr_carea' id='block_1_6' title="bbox 216 3132 1443 3217">
    <p class='ocr_par' dir='ltr' id='par_1_7' title="bbox 216 3132 1443 3217">
     <span class='ocr_line' id='line_1_29' title="bbox 216 3132 1443 3217; baseline 0.002 -24"><span class='ocrx_word' id='word_1_216' title='bbox 216 3134 316 3217; x_wconf 88' lang='lat' dir='ltr'>paullo</span> <span class='ocrx_word' id='word_1_217' title='bbox 335 3134 443 3213; x_wconf 66' lang='lat' dir='ltr'>maiori</span> <span class='ocrx_word' id='word_1_218' title='bbox 467 3134 621 3215; x_wconf 80' lang='lat' dir='ltr'>diligentie</span> <span class='ocrx_word' id='word_1_219' title='bbox 642 3134 758 3196; x_wconf 85' lang='lat' dir='ltr'>detecte</span> <span class='ocrx_word' id='word_1_220' title='bbox 771 3132 831 3204; x_wconf 85' lang='lat' dir='ltr'>illa,</span> <span class='ocrx_word' id='word_1_221' title='bbox 849 3152 947 3211; x_wconf 87' lang='lat' dir='ltr'>neque</span> <span class='ocrx_word' id='word_1_222' title='bbox 963 3153 1043 3195; x_wconf 87' lang='lat' dir='ltr'>mera</span> <span class='ocrx_word' id='word_1_223' title='bbox 1056 3142 1135 3195; x_wconf 85' lang='lat' dir='ltr'>sorte</span> <span class='ocrx_word' id='word_1_224' title='bbox 1153 3132 1242 3193; x_wconf 82' lang='lat' dir='ltr'>dats:</span> <span class='ocrx_word' id='word_1_225' title='bbox 1263 3151 1319 3195; x_wconf 78' lang='lat' dir='ltr'>sex</span> <span class='ocrx_word' id='word_1_226' title='bbox 1439 3140 1443 3147; x_wconf 83' lang='lat'>&#39;</span> 
     </span>
    </p>
   </div>
   <div class='ocr_carea' id='block_1_7' title="bbox 122 3224 1410 4518">
    <p class='ocr_par' dir='ltr' id='par_1_8' title="bbox 122 3224 1410 4518">
     <span class='ocr_line' id='line_1_30' title="bbox 214 3224 1317 3309; baseline -0.004 -18"><span class='ocrx_word' id='word_1_227' title='bbox 214 3237 313 3293; x_wconf 83' lang='lat' dir='ltr'>autem</span> <span class='ocrx_word' id='word_1_228' title='bbox 324 3229 362 3290; x_wconf 91' lang='lat' dir='ltr'>de</span> <span class='ocrx_word' id='word_1_229' title='bbox 375 3228 509 3289; x_wconf 83' lang='lat' dir='ltr'>civilibus</span> <span class='ocrx_word' id='word_1_230' title='bbox 517 3228 613 3289; x_wconf 73' lang='lat' dir='ltr'>musis</span> <span class='ocrx_word' id='word_1_231' title='bbox 622 3228 852 3309; x_wconf 76' lang='lat' dir='ltr'>cognoscebant,</span> <span class='ocrx_word' id='word_1_232' title='bbox 862 3228 893 3286; x_wconf 92' lang='lat' dir='ltr'>in</span> <span class='ocrx_word' id='word_1_233' title='bbox 903 3227 1013 3305; x_wconf 83' lang='lat' dir='ltr'>quibus</span> <span class='ocrx_word' id='word_1_234' title='bbox 1022 3226 1127 3289; x_wconf 78' lang='lat' dir='ltr'>leuiter</span> <span class='ocrx_word' id='word_1_235' title='bbox 1138 3236 1170 3287; x_wconf 87' lang='lat' dir='ltr'>et</span> <span class='ocrx_word' id='word_1_236' title='bbox 1181 3224 1317 3305; x_wconf 84' lang='lat' dir='ltr'>nequitia</span> 
     </span>
     <span class='ocr_line' id='line_1_31' title="bbox 215 3317 1314 3400; baseline -0.002 -19"><span class='ocrx_word' id='word_1_237' title='bbox 215 3321 437 3382; x_wconf 75' lang='lat' dir='ltr'>Atheniensium</span> <span class='ocrx_word' id='word_1_238' title='bbox 445 3321 634 3400; x_wconf 77' lang='lat' dir='ltr'>grassabatur</span> <span class='ocrx_word' id='word_1_239' title='bbox 642 3321 672 3381; x_wconf 88' lang='lat' dir='ltr'>iu</span> <span class='ocrx_word' id='word_1_240' title='bbox 682 3320 795 3399; x_wconf 86' lang='lat' dir='ltr'>primis.</span> <span class='ocrx_word' id='word_1_241' title='bbox 810 3318 1141 3398; x_wconf 85' lang='lat' dir='ltr'>Horumjudicesnorte</span> <span class='ocrx_word' id='word_1_242' title='bbox 1154 3317 1314 3399; x_wconf 83' lang='lat' dir='ltr'>capieban-</span> 
     </span>
     <span class='ocr_line' id='line_1_32' title="bbox 216 3410 1410 3493; baseline -0.007 -15"><span class='ocrx_word' id='word_1_243' title='bbox 216 3425 265 3479; x_wconf 87' lang='lat' dir='ltr'>tur</span> <span class='ocrx_word' id='word_1_244' title='bbox 277 3413 467 3493; x_wconf 86' lang='lat' dir='ltr'>omniumque</span> <span class='ocrx_word' id='word_1_245' title='bbox 484 3413 621 3475; x_wconf 89' lang='lat' dir='ltr'>ordinum</span> <span class='ocrx_word' id='word_1_246' title='bbox 642 3412 758 3475; x_wconf 84' lang='lat' dir='ltr'>civibus</span> <span class='ocrx_word' id='word_1_247' title='bbox 772 3419 813 3473; x_wconf 78' lang='lat'>80</span> <span class='ocrx_word' id='word_1_248' title='bbox 825 3431 919 3473; x_wconf 84' lang='lat' dir='ltr'>annos</span> <span class='ocrx_word' id='word_1_249' title='bbox 933 3411 1009 3474; x_wconf 76' lang='lat' dir='ltr'>nafis</span> <span class='ocrx_word' id='word_1_250' title='bbox 1019 3413 1117 3474; x_wconf 84' lang='lat' dir='ltr'>aditus</span> <span class='ocrx_word' id='word_1_251' title='bbox 1129 3410 1170 3473; x_wconf 86' lang='lat' dir='ltr'>ad</span> <span class='ocrx_word' id='word_1_252' title='bbox 1184 3429 1219 3474; x_wconf 85' lang='lat' dir='ltr'>ea</span> <span class='ocrx_word' id='word_1_253' title='bbox 1230 3418 1316 3491; x_wconf 82' lang='lat' dir='ltr'>pate·</span> <span class='ocrx_word' id='word_1_254' title='bbox 1404 3416 1410 3430; x_wconf 90' lang='lat'>&#39;</span> 
     </span>
     <span class='ocr_line' id='line_1_33' title="bbox 215 3505 1316 3585; baseline -0.004 -16"><span class='ocrx_word' id='word_1_255' title='bbox 215 3510 278 3569; x_wconf 86' lang='lat' dir='ltr'>bat.</span> <span class='ocrx_word' id='word_1_256' title='bbox 299 3506 520 3567; x_wconf 84' lang='lat' dir='ltr'>Nobilissimum</span> <span class='ocrx_word' id='word_1_257' title='bbox 529 3526 631 3567; x_wconf 87' lang='lat' dir='ltr'>eorum</span> <span class='ocrx_word' id='word_1_258' title='bbox 641 3514 704 3567; x_wconf 85' lang='lat' dir='ltr'>eret</span> <span class='ocrx_word' id='word_1_259' title='bbox 715 3505 844 3578; x_wconf 72' lang='grc' dir='ltr'>Ἡλιαία,</span> <span class='ocrx_word' id='word_1_260' title='bbox 857 3523 916 3565; x_wconf 91' lang='lat' dir='ltr'>non</span> <span class='ocrx_word' id='word_1_261' title='bbox 927 3524 1043 3585; x_wconf 88' lang='lat' dir='ltr'>semper</span> <span class='ocrx_word' id='word_1_262' title='bbox 1053 3505 1162 3567; x_wconf 88' lang='lat' dir='ltr'>eodem</span> <span class='ocrx_word' id='word_1_263' title='bbox 1173 3510 1316 3565; x_wconf 86' lang='lat' dir='ltr'>constans</span> 
     </span>
     <span class='ocr_line' id='line_1_34' title="bbox 215 3593 1315 3680; baseline -0.005 -17"><span class='ocrx_word' id='word_1_264' title='bbox 215 3602 287 3676; x_wconf 81' lang='lat' dir='ltr'>illud</span> <span class='ocrx_word' id='word_1_265' title='bbox 297 3599 435 3680; x_wconf 78' lang='lat' dir='ltr'>judicum</span> <span class='ocrx_word' id='word_1_266' title='bbox 451 3620 574 3661; x_wconf 87' lang='lat' dir='ltr'>nurnero</span> <span class='ocrx_word' id='word_1_267' title='bbox 586 3600 654 3677; x_wconf 86' lang='lat' dir='ltr'>(etsi</span> <span class='ocrx_word' id='word_1_268' title='bbox 675 3598 786 3677; x_wconf 88' lang='lat' dir='ltr'>proprii</span> <span class='ocrx_word' id='word_1_269' title='bbox 800 3599 866 3673; x_wconf 86' lang='lat' dir='ltr'>ejus</span> <span class='ocrx_word' id='word_1_270' title='bbox 885 3598 1042 3659; x_wconf 81' lang='lat' dir='ltr'>tribunalis</span> <span class='ocrx_word' id='word_1_271' title='bbox 1053 3606 1139 3659; x_wconf 83' lang='lat' dir='ltr'>erent</span> <span class='ocrx_word' id='word_1_272' title='bbox 1159 3593 1315 3677; x_wconf 75' lang='lat' dir='ltr'>quingenti</span> 
     </span>
     <span class='ocr_line' id='line_1_35' title="bbox 211 3687 1315 3780; baseline -0.007 -23"><span class='ocrx_word' id='word_1_273' title='bbox 211 3694 343 3780; x_wconf 85' lang='lat' dir='ltr'>judices)</span> <span class='ocrx_word' id='word_1_274' title='bbox 353 3693 405 3755; x_wconf 87' lang='lat' dir='ltr'>sed</span> <span class='ocrx_word' id='word_1_275' title='bbox 420 3704 550 3765; x_wconf 87' lang='lat' dir='ltr'>auctum,</span> <span class='ocrx_word' id='word_1_276' title='bbox 560 3693 590 3753; x_wconf 91' lang='lat' dir='ltr'>in</span> <span class='ocrx_word' id='word_1_277' title='bbox 605 3689 768 3771; x_wconf 83' lang='lat' dir='ltr'>majoribus</span> <span class='ocrx_word' id='word_1_278' title='bbox 789 3687 896 3761; x_wconf 69' lang='lat' dir='ltr'>musis,</span> <span class='ocrx_word' id='word_1_279' title='bbox 921 3690 1047 3751; x_wconf 85' lang='lat' dir='ltr'>aliorum</span> <span class='ocrx_word' id='word_1_280' title='bbox 1065 3688 1251 3767; x_wconf 84' lang='lat' dir='ltr'>judiciorum</span> <span class='ocrx_word' id='word_1_281' title='bbox 1265 3705 1315 3749; x_wconf 80' lang='lat' dir='ltr'>ee·</span> 
     </span>
     <span class='ocr_line' id='line_1_36' title="bbox 122 3778 1316 3864; baseline -0.008 -14"><span class='ocrx_word' id='word_1_282' title='bbox 122 3782 129 3791; x_wconf 79' lang='lat'>&#39;</span> <span class='ocrx_word' id='word_1_283' title='bbox 215 3786 429 3864; x_wconf 63' lang='lat' dir='ltr'>curioseque</span> <span class='ocrx_word' id='word_1_284' title='bbox 446 3787 557 3847; x_wconf 88' lang='lat' dir='ltr'>ratione</span> <span class='ocrx_word' id='word_1_285' title='bbox 573 3786 618 3845; x_wconf 88' lang='lat' dir='ltr'>bis</span> <span class='ocrx_word' id='word_1_286' title='bbox 636 3784 714 3845; x_wconf 87' lang='lat' dir='ltr'>mille</span> <span class='ocrx_word' id='word_1_287' title='bbox 727 3781 875 3843; x_wconf 84' lang='lat' dir='ltr'>interdum</span> <span class='ocrx_word' id='word_1_288' title='bbox 896 3781 1181 3861; x_wconf 81' lang='lat' dir='ltr'>sedebuntjudiccs.</span> <span class='ocrx_word' id='word_1_289' title='bbox 1221 3778 1316 3861; x_wconf 87' lang='lat' dir='ltr'>tlpud</span> 
     </span>
     <span class='ocr_line' id='line_1_37' title="bbox 214 3870 1316 3954; baseline -0.008 -13"><span class='ocrx_word' id='word_1_290' title='bbox 214 3882 269 3953; x_wconf 80' lang='lat' dir='ltr'>hos</span> <span class='ocrx_word' id='word_1_291' title='bbox 290 3896 409 3945; x_wconf 76' lang='lat' dir='ltr'>musam</span> <span class='ocrx_word' id='word_1_292' title='bbox 424 3877 532 3939; x_wconf 79' lang='lat' dir='ltr'>dixisse</span> <span class='ocrx_word' id='word_1_293' title='bbox 557 3880 707 3939; x_wconf 82' lang='lat' dir='ltr'>Socratem</span> <span class='ocrx_word' id='word_1_294' title='bbox 731 3874 883 3952; x_wconf 77' lang='lat' dir='ltr'>ingeniose</span> <span class='ocrx_word' id='word_1_295' title='bbox 902 3873 1034 3954; x_wconf 89' lang='lat' dir='ltr'>disputat</span> <span class='ocrx_word' id='word_1_296' title='bbox 1058 3871 1262 3953; x_wconf 81' lang='lat' dir='ltr'>Bugenvillius</span> <span class='ocrx_word' id='word_1_297' title='bbox 1283 3870 1316 3933; x_wconf 93' lang='lat' dir='ltr'>iu</span> 
     </span>
     <span class='ocr_line' id='line_1_38' title="bbox 215 3964 1318 4045; baseline -0.009 -12"><span class='ocrx_word' id='word_1_298' title='bbox 215 3970 440 4033; x_wconf 78' lang='lat' dir='ltr'>Commentariis</span> <span class='ocrx_word' id='word_1_299' title='bbox 455 3970 624 4031; x_wconf 69' lang='lat' dir='ltr'>academice</span> <span class='ocrx_word' id='word_1_300' title='bbox 638 3968 780 4030; x_wconf 70' lang='lat' dir='ltr'>bonarium</span> <span class='ocrx_word' id='word_1_301' title='bbox 793 3966 942 4029; x_wconf 85' lang='lat' dir='ltr'>literarum</span> <span class='ocrx_word' id='word_1_302' title='bbox 960 3966 1087 4029; x_wconf 82' lang='lat' dir='ltr'>Gallicae</span> <span class='ocrx_word' id='word_1_303' title='bbox 1101 3964 1139 4025; x_wconf 88' lang='lat' dir='ltr'>V.</span> <span class='ocrx_word' id='word_1_304' title='bbox 1153 3972 1204 4027; x_wconf 83' lang='grc'>18.</span> <span class='ocrx_word' id='word_1_305' title='bbox 1218 3984 1249 4045; x_wconf 83' lang='lat' dir='ltr'>p</span> <span class='ocrx_word' id='word_1_306' title='bbox 1264 3969 1318 4029; x_wconf 76' lang='lat'>07.</span> 
     </span>
     <span class='ocr_line' id='line_1_39' title="bbox 213 4058 1317 4143; baseline -0.011 -16"><span class='ocrx_word' id='word_1_307' title='bbox 213 4066 290 4127; x_wconf 83' lang='lat' dir='ltr'>Cum</span> <span class='ocrx_word' id='word_1_308' title='bbox 309 4064 411 4143; x_wconf 72' lang='lat' dir='ltr'>itaque</span> <span class='ocrx_word' id='word_1_309' title='bbox 430 4062 551 4143; x_wconf 84' lang='lat' dir='ltr'>judicer</span> <span class='ocrx_word' id='word_1_310' title='bbox 571 4064 602 4123; x_wconf 90' lang='lat' dir='ltr'>in</span> <span class='ocrx_word' id='word_1_311' title='bbox 625 4060 809 4125; x_wconf 89' lang='lat' dir='ltr'>orationihus</span> <span class='ocrx_word' id='word_1_312' title='bbox 830 4058 1017 4139; x_wconf 86' lang='lat' dir='ltr'>appellantur</span> <span class='ocrx_word' id='word_1_313' title='bbox 1037 4058 1136 4139; x_wconf 72' lang='grc' dir='ltr'><strong><em>ἄνδρες</em></strong></span> <span class='ocrx_word' id='word_1_314' title='bbox 1156 4060 1317 4131; x_wconf 64' lang='grc' dir='ltr'>Ἀθηναῖοι,</span> 
     </span>
     <span class='ocr_line' id='line_1_40' title="bbox 213 4148 1316 4243; baseline -0.01 -24"><span class='ocrx_word' id='word_1_315' title='bbox 213 4158 307 4243; x_wconf 88' lang='lat' dir='ltr'>probe</span> <span class='ocrx_word' id='word_1_316' title='bbox 320 4158 351 4219; x_wconf 89' lang='lat' dir='ltr'>id</span> <span class='ocrx_word' id='word_1_317' title='bbox 364 4156 601 4237; x_wconf 73' lang='lat' dir='ltr'>distinguendum</span> <span class='ocrx_word' id='word_1_318' title='bbox 616 4155 713 4217; x_wconf 86' lang='lat' dir='ltr'>catab</span> <span class='ocrx_word' id='word_1_319' title='bbox 727 4154 822 4233; x_wconf 87' lang='lat' dir='ltr'>ipsius</span> <span class='ocrx_word' id='word_1_320' title='bbox 836 4151 942 4233; x_wconf 89' lang='lat' dir='ltr'>populi</span> <span class='ocrx_word' id='word_1_321' title='bbox 956 4150 1086 4225; x_wconf 85' lang='lat' dir='ltr'>nomine,</span> <span class='ocrx_word' id='word_1_322' title='bbox 1100 4149 1154 4233; x_wconf 88' lang='lat' dir='ltr'>qui</span> <span class='ocrx_word' id='word_1_323' title='bbox 1166 4148 1316 4211; x_wconf 85' lang='lat' dir='ltr'>interdum</span> 
     </span>
     <span class='ocr_line' id='line_1_41' title="bbox 149 4244 1315 4331; baseline -0.009 -19"><span class='ocrx_word' id='word_1_324' title='bbox 149 4282 153 4295; x_wconf 52' lang='grc' dir='ltr'><em>ι</em></span> <span class='ocrx_word' id='word_1_325' title='bbox 213 4252 294 4321; x_wconf 82' lang='lat' dir='ltr'>hisce</span> <span class='ocrx_word' id='word_1_326' title='bbox 314 4251 423 4312; x_wconf 89' lang='lat' dir='ltr'>diserte</span> <span class='ocrx_word' id='word_1_327' title='bbox 436 4250 605 4331; x_wconf 88' lang='lat' dir='ltr'>opponitur,</span> <span class='ocrx_word' id='word_1_328' title='bbox 622 4258 655 4311; x_wconf 90' lang='lat' dir='ltr'>ut</span> <span class='ocrx_word' id='word_1_329' title='bbox 676 4248 706 4309; x_wconf 90' lang='lat' dir='ltr'>in</span> <span class='ocrx_word' id='word_1_330' title='bbox 720 4255 823 4309; x_wconf 79' lang='lat' dir='ltr'>nostre</span> <span class='ocrx_word' id='word_1_331' title='bbox 842 4251 867 4315; x_wconf 74' lang='lat' dir='ltr'>i.</span> <span class='ocrx_word' id='word_1_332' title='bbox 889 4246 948 4325; x_wconf 70' lang='grc' dir='ltr'>μιί.</span> <span class='ocrx_word' id='word_1_333' title='bbox 970 4245 1059 4327; x_wconf 73' lang='grc' dir='ltr'><strong><em>ὅσον,</em></strong></span> <span class='ocrx_word' id='word_1_334' title='bbox 1079 4244 1315 4327; x_wconf 59' lang='lat' dir='ltr'>congemuerit·</span> 
     </span>
     <span class='ocr_line' id='line_1_42' title="bbox 212 4335 1315 4425; baseline -0.01 -20"><span class='ocrx_word' id='word_1_335' title='bbox 212 4370 316 4411; x_wconf 78' lang='grc' dir='ltr'>σαντος</span> <span class='ocrx_word' id='word_1_336' title='bbox 330 4352 378 4415; x_wconf 80' lang='lat' dir='ltr'>rui</span> <span class='ocrx_word' id='word_1_337' title='bbox 392 4352 412 4382; x_wconf 87' lang='lat'>“</span> <span class='ocrx_word' id='word_1_338' title='bbox 421 4344 535 4425; x_wconf 75' lang='lat' dir='ltr'>dirpuu&#39;&#39;‚</span> <span class='ocrx_word' id='word_1_339' title='bbox 550 4348 628 4423; x_wconf 71' lang='lat' dir='ltr'>ipsiu</span> <span class='ocrx_word' id='word_1_340' title='bbox 641 4344 832 4421; x_wconf 72' lang='lat' dir='ltr'>rnrsyvs&#39;emre</span> <span class='ocrx_word' id='word_1_341' title='bbox 846 4346 898 4399; x_wconf 77' lang='lat' dir='ltr'>“es</span> <span class='ocrx_word' id='word_1_342' title='bbox 921 4338 1021 4419; x_wconf 66' lang='grc' dir='ltr'>ἄνδρες</span> <span class='ocrx_word' id='word_1_343' title='bbox 1033 4335 1216 4412; x_wconf 64' lang='grc' dir='ltr'>Ἀθηναῖοι.”</span> <span class='ocrx_word' id='word_1_344' title='bbox 1255 4335 1315 4395; x_wconf 82' lang='grc' dir='ltr'>Ρο·</span> 
     </span>
     <span class='ocr_line' id='line_1_43' title="bbox 212 4427 1313 4518; baseline -0.013 -13"><span class='ocrx_word' id='word_1_345' title='bbox 212 4436 370 4518; x_wconf 81' lang='lat' dir='ltr'>putusitte,</span> <span class='ocrx_word' id='word_1_346' title='bbox 386 4446 432 4499; x_wconf 84' lang='lat' dir='ltr'>est</span> <span class='ocrx_word' id='word_1_347' title='bbox 445 4437 551 4499; x_wconf 88' lang='lat' dir='ltr'>concio</span> <span class='ocrx_word' id='word_1_348' title='bbox 567 4437 737 4515; x_wconf 73' lang='grc' dir='ltr'>(ἐκκλησία).</span> <span class='ocrx_word' id='word_1_349' title='bbox 765 4431 975 4515; x_wconf 79' lang='lat' dir='ltr'>Dejudicibus</span> <span class='ocrx_word' id='word_1_350' title='bbox 986 4429 1214 4497; x_wconf 77' lang='lat' dir='ltr'>Atheniensium</span> <span class='ocrx_word' id='word_1_351' title='bbox 1227 4427 1313 4492; x_wconf 80' lang='lat' dir='ltr'>loeus</span> 
     </span>
    </p>
   </div>
   <div class='ocr_carea' id='block_1_8' title="bbox 0 0 1500 4900">
    <p class='ocr_par' dir='ltr' id='par_1_9' title="bbox 0 0 1500 4900">
     <span class='ocr_line' id='line_1_44' title="bbox 0 0 1500 4900; baseline 0 3"><span class='ocrx_word' id='word_1_352' title='bbox 0 0 1500 4900; x_wconf 95' lang='lat' dir='ltr'> </span> 
     </span>
    </p>
   </div>
  </div>
 </body>
</html>
