2992 4900
173 227 255 303 134
465 240 740 307 BUTTMANNI
765 242 971 309 DISPUTT.

170 411 222 475 est,
232 422 284 461 nec
296 404 349 459 nisi
360 406 471 475 poetici,
482 406 511 458 iu
523 406 593 468 loco,
605 406 651 459 ubi
663 388 782 474 pedibus
793 407 886 459 omnis
896 405 1034 459 humiliter
1045 406 1197 463 incedunt?
1220 408 1276 463 Te-

169 490 273 545 tersimi
286 488 379 542 mendi
391 488 482 541 cubile
494 486 540 540 bie
552 503 621 553 esse,
633 487 685 557 ipsi
695 488 757 541 libri
767 487 898 542 iudicent
928 486 993 541 Vox
1005 488 1137 557 δοδονοίῳ
1149 488 1229 543 sbest
1239 491 1277 543 sb

170 573 277 643 aliquot
288 588 385 625 eorum
396 576 425 624 et
436 570 497 638 ejus
507 571 571 627 loeo
586 571 615 623 in
628 570 732 624 Aldine
740 581 860 625 suenum
877 570 997 641 spetiem
1013 570 1149 636 relictum,
1157 572 1234 642 quod
1245 574 1275 627 iu

170 657 301 723 exemplo
312 653 493 721 Lessingisno
504 663 522 704 s
532 648 722 705 Correctorum
738 653 824 706 silero
841 653 970 723 expletur
985 668 1034 722 per
1046 674 1123 723 cepo,
1140 654 1176 707 eb
1188 655 1275 709 silero

169 754 222 809 pet·
233 758 342 807 repopo-
380 735 452 789 eod.
465 735 536 789 Buv.
548 735 597 788 ost
608 740 646 803 τῷ
656 740 697 788 Διῒ
708 743 760 788 τῶν
775 738 885 807 dporpiq.
922 736 999 789 Inter
1011 734 1067 791 nlla
1078 750 1141 789 mua
1152 736 1276 791 adhunc

168 822 261 875 locum
276 822 434 874 commento
451 817 503 870 boc
519 832 629 887 quoque
645 820 715 883 esst,
732 821 766 871 ut
780 818 924 886 vulgatum
943 818 1075 887 lodevoip
1085 834 1181 873 verum
1193 824 1276 889 pute-

168 918 238 969 rem,
247 918 284 955 ex
293 901 376 970 cujus
385 899 531 968 postremis
540 898 652 967 syllabis
663 903 742 953 notos
755 899 822 954 mihi
829 901 959 969 fingerem
970 916 1024 953 ucu
1038 902 1127 955 solum
1134 901 1276 971 Lessiugi·

170 1000 238 1039 snss
249 983 310 1038 illss
321 984 479 1053 seriptum,
490 982 539 1035 ssd
550 982 641 1051 ipsum
656 998 770 1053 quoquo
779 983 856 1038 vocis
868 986 981 1055 ἀροτριῑς
993 983 1102 1037 initium
1118 985 1158 1039 itn
1173 990 1204 1039 ut
1215 988 1276 1039 sols

169 1064 276 1135 syllsbs
286 1064 433 1134 mleque
445 1063 530 1116 boum
540 1078 685 1116 numerum
697 1062 830 1131 definiret,
843 1066 987 1119 retinenda
998 1070 1079 1119 esset.
1098 1066 1136 1119 Et
1147 1066 1200 1120 boe
1212 1066 1277 1121 ulti-

169 1163 249 1201 mum
260 1148 350 1200 solum
360 1162 455 1199 verum
465 1150 540 1198 erat:
550 1161 654 1210 eorum,
662 1160 727 1215 quin
734 1146 905 1215 precedunt,
917 1148 1117 1201 restitutionem
1127 1148 1178 1217 ipsi
1190 1148 1277 1203 libelli

170 1230 269 1287 editori
280 1229 521 1284 debentlectcres.
557 1227 587 1280 ls
599 1229 682 1293 enim,
692 1229 722 1282 iu
733 1229 868 1298 scripture
881 1230 1059 1298 lessinginus
1070 1229 1155 1284 nitere
1166 1252 1276 1303 τομορο,

170 1311 283 1385 eguerit
296 1310 442 1365 Tossorsoo
451 1310 510 1375 sive
523 1308 664 1379 Tum,
673 1315 796 1365 montem
816 1324 901 1381 prope
913 1312 1069 1377 Dodonsm,
1079 1317 1111 1365 et
1118 1328 1169 1382 pro
1180 1314 1278 1369 Dodo-

169 1410 233 1449 nseo
247 1394 328 1460 Jove,
343 1407 382 1447 ex
397 1391 491 1461 glossa
500 1396 578 1465 noto,
592 1390 733 1447 rtem
746 1392 841 1449 Josess
856 1391 1043 1463 (Hesychiusz
1060 1398 1176 1467 'tpdpne’
1188 1400 1203 1451 t
1215 1404 1279 1463 zebe

170 1481 185 1533 ὁ
197 1473 358 1547 Δωδωναῖος)
368 1474 415 1529 bic
425 1489 445 1527 s
454 1473 588 1543 propbeta
597 1475 770 1531 nominetuu
781 1491 851 1539 csse,
869 1475 949 1530 focile
969 1476 1036 1530 mibi
1052 1479 1195 1547 perussit.
1229 1482 1276 1535 nd

169 1564 263 1630 psrtes
279 1557 421 1611 vocandus
438 1560 497 1609 esst
512 1556 584 1612 ced.
598 1557 688 1630 Bon„
693 1558 809 1626 ejusque
821 1558 958 1627 scripture
969 1566 1021 1613 ros
1033 1559 1189 1616 divellenda
1198 1564 1229 1617 in
1240 1570 1280 1633 ep

169 1646 208 1710 ἐν,
218 1641 294 1696 uude
305 1639 411 1709 optimo
420 1638 528 1693 exstitit
538 1639 635 1693 ieelim
654 1646 693 1709 τᾷ
705 1646 744 1695 Διῒ
755 1646 793 1708 τῷ
807 1644 836 1697 ιν
851 1642 965 1713 Τομάρῳ.

207 1724 264 1779 Sed
275 1722 344 1793 quid
354 1722 488 1777 nolemus
498 1720 572 1777 hisce
584 1720 692 1777 bubusl
710 1722 916 1779 Meotsbimusl
933 1726 1094 1780 mittemusl
1111 1728 1278 1783 donabimus

170 1807 288 1863 -Jovir
307 1802 459 1861 Oroculom
469 1804 545 1859 euim
554 1804 659 1873 ipsum,
676 1807 709 1860 ut
720 1807 803 1875 vulgo
814 1814 880 1862 sunt
895 1810 986 1875 verbs,
999 1809 1065 1863 nibil
1078 1811 1183 1885 delinit,
1195 1818 1225 1866 et
1236 1814 1279 1867 in·

169 1890 306 1947 finitivum
324 1888 474 1943 desiderari
488 1891 554 1941 ente
564 1894 603 1957 τᾷ
613 1894 655 1943 nd
670 1890 788 1959 quilibet
799 1890 883 1945 videt
919 1894 991 1947 Sunt
1008 1894 1056 1962 qui
1069 1894 1224 1963 subjeetum
1237 1896 1279 1951 is·

170 1975 246 2032 dont
255 1976 374 2045 ἃιοροὺς,
391 1973 501 2043 πέμπειν
511 1971 548 2025 sd
560 1971 643 2026 boves
654 1973 800 2041 pertinere,
817 1978 847 2028 et
859 1975 942 2029 rerba
953 1979 995 2028 rel
1007 1978 1114 2041 τούτους
1124 1980 1165 2032 dul
1177 1981 1279 2049 ταχὸον

169 2074 219 2129 per
229 2056 404 2126 parenthesin
413 2054 489 2108 dicto
499 2054 622 2107 credent.
660 2056 823 2125 Perperom:
842 2062 930 2126 θεωροὶ
944 2060 1017 2112 enim
1027 2076 1082 2113 non
1094 2062 1217 2129 mittunt,
1228 2066 1278 2118 sed

171 2157 266 2196 secum
277 2140 384 2193 ducunt
391 2138 527 2192 victimss.
557 2138 614 2193 Alii
625 2130 751 2192 inserunt
762 2142 840 2193 dian.
870 2141 953 2209 illibi,
962 2146 996 2197 ut
1005 2156 1100 2197 serum
1112 2144 1206 2212 istesr,
1218 2150 1279 2200 lcls

169 2228 220 2282 ills
229 2225 396 2282 admonito:
415 2227 459 2277 eal
469 2225 576 2286 τούτους
589 2224 631 2277 διὰ
645 2224 756 2293 sexies,
767 2241 804 2279 ue
816 2226 905 2281 dicem
917 2228 1021 2297 inepte,
1034 2232 1109 2283 certe
1123 2244 1207 2299 quom
1219 2246 1278 2285 ms-

170 2308 248 2365 xime
262 2307 491 2376 importunum
505 2310 556 2359 est.
593 2307 750 2362 Fsuselieus
766 2308 848 2363 suerit
858 2310 976 2380 Jupiter,
991 2310 1042 2381 qui
1054 2312 1204 2368 sdventum
1216 2316 1279 2385 piu·

171 2392 268 2463 guium
280 2391 378 2445 borum
390 2390 487 2452 οοιιιιι,
497 2404 616 2459 quorum
625 2390 721 2444 nidore
732 2392 909 2462 saturaretur,
918 2394 1017 2464 operiri
1026 2395 1074 2449 vix
1087 2398 1193 2468 possetl
1221 2400 1277 2454 Sed
1344 2429 1350 2443 ·

172 2480 320 2544 antequem
334 2472 500 2526 infinitivum
520 2472 638 2542 sliquem
654 2489 692 2526 ex
711 2476 753 2526 διὰ
769 2477 870 2544 faxim
886 2478 1081 2545 extundentur,
1096 2480 1278 2550 inspiciemus

170 2558 275 2614 seriem
288 2554 507 2626 precedentium
518 2568 630 2625 queque
642 2557 814 2626 seriptursm.
851 2557 987 2614 Videmus
999 2561 1053 2626 bie,
1071 2563 1142 2617 solos
1158 2565 1277 2620 Paulum

170 2639 333 2700 Monetium
345 2642 376 2692 et
386 2638 533 2692 Beiskium
544 2638 652 2692 dedisse
664 2639 772 2703 τούτονς
788 2643 885 2694 conus
896 2655 993 2696 omnes
1005 2643 1089 2700 Mes,
1104 2649 1133 2700 et
1144 2647 1217 2702 Edd.
1229 2649 1278 2718 qui

169 2731 219 2780 sul
229 2727 322 2780 seiros
333 2727 394 2784 sole
406 2725 457 2776 eut
466 2724 575 2784 τούτοις
585 2726 645 2784 τοὺς
660 2723 802 2780 exhibent.
839 2725 977 2780 Praecedit
991 2741 1121 2783 uumerus
1132 2733 1215 2798 invia,
1227 2747 1278 2786 eu-

165 2810 214 2878 jus
225 2809 358 2864 rationem
370 2806 451 2860 selim
462 2819 500 2860 ex
512 2803 679 2874 entiquitste
688 2808 790 2861 oeddst
800 2805 909 2877 sliquis.
928 2809 946 2840 ‘⁸
956 2809 1045 2862 Abest
1054 2809 1200 2880 is”(serbs
1211 2819 1278 2870 suut

171 2891 296 2961 Tsplusi)
310 2894 327 2922 “
338 2907 356 2942 s
365 2888 505 2944 nonnullis
513 2887 598 2942 Mss.
611 2893 640 2941 et
649 2888 689 2942 vir
698 2889 746 2941 ille
757 2891 860 2955 sollers,
872 2891 921 2961 qui
933 2889 1062 2947 Italicum
1075 2894 1200 2951 codicem
1213 2913 1277 2952 ecu-

171 2973 247 3040 tulit,
263 2972 330 3041 legit
341 2987 390 3041 pro
401 2972 486 3034 ιννίο,
504 2971 588 3036 tesso,
602 2973 673 3038 puts
681 2973 785 3041 θινρίος
795 2972 896 3027 lesen!
931 2973 986 3028 His
999 2975 1087 3029 verbis
1098 2978 1166 3048 quid
1177 2977 1277 3035 ineism

171 3073 228 3114 non
239 3055 337 3110 bsbeo.
374 3054 455 3109 Adeo
466 3053 533 3108 nibil
550 3054 692 3122 proficitur
708 3055 764 3123 bec
780 3057 839 3109 sols
849 3058 1011 3124 mistione,
1030 3063 1062 3110 ut
1079 3061 1130 3113 nisi
1142 3059 1170 3115 in
1180 3063 1278 3119 codiee

172 3145 281 3210 reperte
293 3140 338 3205 sit,
350 3136 505 3194 unnotsris
522 3137 542 3164 “
556 3136 615 3189 siro
626 3137 746 3190 sollerti'
757 3137 803 3192 ιὶιι
820 3139 947 3207 potuerit.
985 3139 1124 3210 Quicquid
1140 3148 1207 3212 est;·
1216 3147 1279 3217 ejus

173 3227 268 3280 tomen
279 3237 332 3290 cpe
343 3221 372 3274 in
379 3232 471 3274 rernm
480 3217 564 3286 liujus
572 3219 626 3272 loci
635 3220 797 3274 restituendi
805 3221 937 3276 rationem
948 3221 1092 3278 devenisse
1103 3226 1169 3281 mibi
1177 3229 1280 3287 videor.

173 3305 286 3362 scilieet
302 3301 457 3358 mrocsnds
474 3301 590 3371 sntiqos
606 3302 689 3355 lectio
707 3305 799 3356 meroe
816 3309 884 3371 τοὺς,
904 3319 1022 3374 quorum
1034 3321 1132 3362 vocum
1145 3311 1232 3365 slters
1242 3313 1279 3367 ed

174 3385 319 3458 sequentia
328 3384 471 3453 trebeuds,
479 3385 568 3438 eluro
574 3384 771 3453 conjungenda
780 3391 824 3439 est
831 3401 895 3440 cnm
907 3387 995 3451 lma:
1006 3389 1046 3442 sic
1057 3389 1129 3445 enlm
1141 3393 1213 3462 lego,
1222 3410 1279 3450 non

174 3487 224 3542 pro
233 3469 318 3533 ιννιο,
328 3467 377 3522 sed
390 3483 438 3535 pro
449 3468 525 3520 ιννία
533 3469 586 3531 nl,
596 3467 672 3534 quod
683 3480 721 3520 ex
731 3468 804 3520 mele
816 3469 924 3522 divulse
935 3471 983 3524 ills
991 3485 1061 3524 voce
1072 3476 1168 3527 ustum
1179 3477 1278 3532 credo:

174 3556 248 3610 bers
257 3555 349 3608 τούτου
360 3558 473 3622 propter
483 3547 533 3602 boe
543 3563 583 3602 sc.
596 3551 752 3617 mutum,
764 3550 839 3620 quod
851 3554 962 3621 tempus
972 3563 1113 3608 sscrcrnm
1127 3559 1280 3624 praetermi.

174 3640 256 3694 sistis.
290 3637 345 3696 Sed
357 3635 413 3689 buc
424 3649 491 3688 mox
502 3647 657 3686 securesmt
673 3647 750 3686 nunc
759 3636 905 3704 sequentis
915 3637 1145 3705 eonemplemur.
1177 3641 1280 3697 Rema-

173 3726 242 3776 nent
252 3720 397 3791 posthsnc
409 3731 498 3770 neem
515 3715 733 3785 precedentium
751 3719 974 3774 constitutionem
990 3721 1089 3777 verbs:
1109 3727 1169 3788 τοὺς
1180 3729 1221 3780 dul
1235 3749 1280 3784 το·

175 3807 260 3876 χιον,
275 3803 336 3858 brec
347 3815 385 3855 ex
396 3800 563 3868 conjecturs,
576 3799 618 3852 uti
629 3799 695 3854 mibi
705 3801 818 3871 quidem
830 3801 946 3870 videtur,
961 3805 1027 3859 setis
1037 3807 1183 3876 probabili,
1199 3818 1280 3869 muto

175 3889 207 3943 in
217 3891 277 3949 τοὺς
291 3887 318 3938 dt
327 3886 544 3955 ἀπάταν-τρεῖς
551 3884 616 3950 βοῦς
625 3881 676 3937 dcc.
707 3884 814 3949 Quodsi
825 3887 887 3956 quis
898 3885 935 3940 de
945 3887 1112 3958 proprietate
1122 3893 1199 3946 vocis
1209 3899 1280 3950 ’ἀτά-

175 3991 232 4043 γιιν
247 3967 365 4030 dubitet,
382 3964 532 4036 prsssertim
552 3980 618 4018 cum
637 3981 673 4018 err
690 3981 725 4019 es
743 3972 835 4021 cetere
853 3983 964 4039 quoque
984 3969 1109 4037 denaris,
1128 3989 1279 4049 menseque

177 4069 265 4117 mnes,
275 4048 394 4120 pendere
406 4047 582 4111 debesutris
592 4047 749 4103 meminerit
759 4050 886 4119 primunr,
897 4051 969 4106 hene
979 4051 1069 4122 lpssm
1080 4071 1175 4112 vocem
1186 4059 1214 4114 in
1227 4079 1281 4117 usu

172 4151 237 4198 esse
254 4135 289 4186 de
306 4129 406 4186 tributo
419 4129 488 4200 (sid.
502 4129 635 4200 Xenopls.
649 4129 751 4202 (lyrcp.
764 4133 842 4188 lli.
854 4135 966 4188 12111.
983 4139 1005 4190 l.
1021 4135 1078 4208 lli.)
1088 4141 1186 4209 quidni
1197 4143 1282 4215 igilur

176 4218 212 4272 ds
223 4213 391 4286 rsmfieiost
401 4212 514 4267 dcssdc
531 4211 689 4267 offerendos
713 4216 864 4283 prresertim
884 4232 947 4270 cuni
966 4217 1021 4272 elis
1031 4221 1109 4276 vocis
1120 4225 1194 4294 dysin
1206 4243 1282 4282 eorn-

176 4301 266 4369 posite
278 4294 478 4364 dclrujusmodi
489 4293 569 4348 donis
576 4295 685 4364 propris
694 4301 900 4367 usurpenturut
913 4300 998 4356 Hom.
1009 4301 1044 4358 ll.
1054 4313 1083 4357 θ.
1094 4307 1156 4363 200.
1169 4312 1191 4362 oi
1203 4311 1228 4364 di
1242 4335 1281 4368 τοι

175 4378 336 4452 (Neptuno)
345 4379 380 4440 eir
388 4378 494 4439 Ἑλιίιιιν
505 4396 532 4430 rs
545 4380 587 4430 sal
597 4379 678 4446 Αἰγὰς
689 4381 745 4450 dop'
755 4383 890 4450 ἀνάγουσι.
