2992 4900
487 613 524 695 1.
572 611 945 696 TAYLORI

551 844 878 913 PRAEFATIO

696 1060 734 1099 an

196 1222 647 1330 ORATIONEM
700 1134 1169 1331 DEMOSTlIEN
1175 1224 1240 1331 IS

419 1475 619 1545 CONTRA
646 1476 1024 1545 ANDROTIONEM.

171 1679 355 1755 Sapusuun
370 1672 476 1737 Oratio
487 1674 628 1755 imprimis
639 1674 749 1737 diserta
763 1685 792 1736 et
807 1678 935 1756 elegans,
946 1684 986 1748 ot,
999 1676 1023 1737 si
1034 1678 1164 1755 antiquis
1177 1678 1268 1757 magi·

169 1771 235 1832 stris
249 1770 374 1831 eredere
388 1769 433 1829 t'as
451 1769 500 1840 sit,
519 1790 578 1829 non
600 1770 664 1829 sine
684 1770 872 1831 emulatione
885 1780 916 1829 et
928 1770 1037 1848 ingenii
1052 1770 1181 1848 quadam
1195 1790 1266 1831 oon·

169 1864 302 1924 tentione
315 1862 477 1922 elaborata.
519 1862 667 1921 Androtio
680 1864 770 1932 enim,
785 1864 800 1921 ὁ
817 1867 938 1944 φεύγων,
955 1882 991 1921 er
1007 1862 1145 1923 isocratis
1167 1864 1267 1923 schola

166 1966 198 2017 ct
210 1954 372 2035 disciplina
384 1954 548 2033 profectus,
561 1974 674 2013 summa
688 1964 753 2013 erat
771 1954 846 2014 iuter
862 1956 1026 2015 lsourateos
1041 1954 1223 2027 celebritate,
1237 1966 1268 2015 ot

170 2049 325 2109 maximam
335 2048 432 2107 ostatis
444 2056 559 2126 partem
570 2046 599 2105 iu
610 2046 677 2105 foro
689 2055 720 2107 et
730 2044 850 2105 dicendi
860 2065 913 2105 usu
927 2055 1119 2124 transegerat,
1131 2055 1162 2105 ut
1170 2056 1268 2107 noram

169 2142 314 2221 Ulpianus
329 2139 367 2201 ad
384 2140 472 2219 liujus
487 2137 627 2199 orationis
641 2140 663 2203 l.
675 2138 714 2214 β.
746 2138 803 2198 Cui
819 2136 996 2216 conjungere
1011 2138 1084 2197 libet
1098 2138 1164 2197 haec
1178 2140 1269 2199 verba

170 2234 346 2296 Schollusloe
362 2231 566 2311 Hermogenis,
579 2250 648 2311 pag.
662 2238 734 2291 401.
755 2230 931 2311 Ἰσοκράτους
944 2232 1072 2309 μαθητήν
1085 2226 1159 2289 εἶναι
1171 2234 1270 2306 λέγον-

170 2351 215 2385 σιν
226 2324 434 2405 Ἀνδροτίωνα,
448 2326 494 2383 καὶ
512 2321 558 2395 ἣν,
573 2327 609 2391 ὤς
629 2334 714 2401 φησιν
730 2325 746 2381 ὁ
765 2325 866 2401 ῥήτωρ,
880 2324 1011 2403 τεχνίτης
1025 2330 1073 2383 τοῦ
1086 2326 1195 2398 λέγειν.
1208 2324 1271 2383 ἕπε-

170 2418 301 2490 flatrum
323 2414 374 2478 civ
395 2414 608 2496 ὀΔημοσδένης
628 2418 891 2495 κεκαλλωπισμένον
908 2414 1087 2498 ἐργάσασθαι
1108 2414 1176 2476 τὸν
1194 2405 1271 2492 κατ’

167 2509 431 2590 Ἀνδροτίωνος,
449 2510 745 2590 ἀντιφιλοτιμούμενος
758 2509 829 2588 πρὸς
844 2508 1007 2588 Ἰσοκράτην
1019 2509 1119 2589 ῥήτορα
1134 2511 1269 2588 rupicosa

169 2607 363 2693 ἔπιχρύμενον
379 2607 450 2662 κατὰ
467 2605 551 2674 ζῆλον
573 2608 621 2660 τοῦ
642 2600 820 2661 διδασκάλου.
864 2601 970 2678 Neque
992 2621 1010 2662 a
1027 2621 1082 2661 auo
1100 2602 1269 2680 expositore

169 2695 306 2758 dissentit
320 2692 522 2771 Hermogenes
536 2695 599 2770 ipse
614 2711 682 2770 cap.
695 2696 759 2770 περὶ
772 2695 964 2771 Ἐπιμελείας,
980 2693 1033 2770 qui
1046 2692 1133 2752 etiam
1148 2691 1270 2772 διωρίαν

169 2812 264 2861 suam,
279 2787 342 2850 siro
354 2784 626 2847 commentariolum
641 2782 678 2844 ad
696 2783 772 2844 hauc
787 2785 960 2859 orationem,
971 2784 1035 2862 jam
1050 2793 1148 2844 autem
1163 2785 1270 2864 deper-

172 2882 277 2955 ditum,
291 2879 323 2940 in
336 2877 394 2939 isto
408 2879 474 2938 loeo
489 2884 711 2938 commemorat.
754 2876 865 2936 Locum
880 2876 968 2936 vide:
990 2876 1185 2946 Πλεονάζουσι
1199 2875 1271 2958 [ra-

168 2971 312 3052 ρισῦσεις]
322 2977 399 3052 παρὰ
413 2979 450 3052 τῷ
463 2969 623 3050 Ἰσοκράτει,
630 2971 685 3029 εἰσὶ
696 2967 783 3028 δὲκαὶ
793 2973 870 3048 παρὰ
880 2973 918 3050 τῷ
929 2970 1022 3049 ῥήτορι
1032 3001 1073 3014 -··
1080 2965 1140 3028 otta
1153 2969 1214 3030 ἔστι
1224 2974 1272 3030 rol

171 3067 261 3150 τό,τῇ
276 3091 305 3127 τε
324 3070 403 3126 πόλει
417 3061 570 3140 βοηθεῖν
588 3064 675 3122 cieras
689 3061 773 3133 δεῖν,
789 3065 835 3122 rol
848 3061 925 3138 δίκην
941 3064 1012 3142 ὑπὲρ
1028 3063 1114 3123 αὑτοῦ
1128 3061 1271 3140 λαβεῖν,
1290 3089 1294 3101 “

172 3168 253 3221 τοῦτο
268 3162 347 3242 κᾴγιδ
358 3161 526 3244 πειράσομαι
536 3165 629 3218 ποιεῖ
638 3183 664 3218 ν.
674 3156 806 3230 τοιαῦτην
816 3161 872 3238 γὰρ
881 3163 1050 3238 παρίσωσιν,
1060 3161 1106 3218 rol
1114 3159 1201 3227 οὕτως
1211 3163 1273 3222 ἐπι-

172 3253 373 3332 τετηδευμὲνην
385 3252 519 3335 οὺδιμίαν
533 3253 623 3329 εὑρεῖν
635 3254 733 3330 ἑτέραν
745 3250 852 3332 ἔχομεν
872 3252 950 3332 παρά
969 3277 1004 3328 γε
1024 3257 1062 3333 τῇ
1076 3253 1179 3332 ῥήτορι.
1193 3257 1272 3316 ἀλλὰ
1354 3326 1357 3334 ¹

172 3350 223 3415 τὴν
231 3343 286 3426 μὲν
296 3347 403 3418 αἰτίαν,
413 3344 446 3404 δι’
457 3351 491 3416 ἢν
499 3343 622 3410 ἐνταῦθα
634 3343 813 3415 ἐπετήδευσεν
822 3346 892 3405 οὕτω
901 3349 1107 3426 κεκοσμημένον
1115 3351 1273 3426 προσκόρως

172 3437 326 3513 τὸνλόγον
339 3435 424 3506 εὐθὺς
443 3436 476 3494 ἐν
488 3443 733 3518 προκαταρκτικοῖς
746 3434 962 3516 παρασχέσθαι,
977 3433 1146 3513 θεωροῦντες
1159 3439 1209 3500 τὸν
1223 3443 1272 3498 λό-

173 3556 227 3606 γον
240 3529 327 3589 αδτδν
340 3531 391 3588 τὸν
404 3533 463 3588 κατ’
475 3528 676 3608 Ἀνδροτίωνος
691 3531 847 3610 εἰρήκαμεν.
1107 3571 1110 3580 ·

211 3622 290 3682 lllnd
306 3623 451 3702 singulare
465 3621 556 3684 habet
570 3622 767 3694 Aumatium,
783 3623 866 3701 quod
884 3624 914 3684 in
935 3631 1000 3686 toto
1019 3643 1145 3704 corpore
1160 3625 1272 3686 Demo·

174 3715 309 3774 stlienioo
322 3715 401 3774 nulla
414 3716 453 3774 sit
467 3715 524 3775 alia
536 3724 680 3794 preterea
689 3715 795 3795 oratio,
804 3717 834 3776 in
850 3735 910 3796 qua
923 3717 1036 3778 Rhetor
1049 3726 1149 3778 noster
1159 3725 1273 3780 tantum

174 3809 229 3868 sibi
245 3809 367 3869 indulsit
382 3810 411 3875 in
422 3829 515 3889 opera
529 3809 712 3881 mutuatioia,
724 3811 814 3881 nulla,
828 3812 930 3888 inqua
943 3809 1273 3889 seipsumadeosedule

178 3903 378 3984 exscripserit.
419 3902 510 3976 Quod
531 3903 639 3982 legimur
659 3901 691 3962 in
711 3903 897 3964 Androtiana
915 3909 938 3978 ξ.
956 3906 991 3964 ιε’.
1014 3903 1103 3980 nque
1123 3902 1273 3982 editionis,

175 4015 269 4076 usque
284 3987 322 4056 ad
338 4001 364 4070 ξ.
378 3997 423 4058 ις’.
438 3996 515 4057 mod.
529 4007 561 4057 et
573 3995 682 4058 deinde
695 4014 765 4074 qne
778 4003 805 4072 t.
818 3997 861 4058 aff.
876 3996 914 4057 ad
928 3995 1092 4056 orationem
1107 4007 1273 4072 exeuntem,

175 4087 307 4148 versibus
315 4087 436 4148 omnino
449 4096 516 4150 136.
524 4108 559 4148 ea
567 4088 665 4148 omnia
674 4087 861 4166 paucissimis
871 4088 1029 4148 immutatis
1039 4089 1273 4168 legunturetiam

176 4179 204 4238 io
216 4179 417 4240 Timocratea.
461 4180 569 4259 Neque
583 4180 613 4239 id
628 4178 753 4240 fortasse
767 4179 880 4254 mirum,
893 4198 961 4242 oum
972 4179 1002 4239 in
1016 4179 1065 4240 illa
1077 4191 1110 4241 et
1124 4181 1201 4242 idem
1212 4185 1275 4242 An·

175 4269 270 4334 dtulio
283 4291 360 4350 pene
373 4278 486 4352 ριὺγειν
499 4271 625 4343 videtur,
641 4270 827 4348 eundemque
842 4272 932 4342 idem,
948 4279 980 4331 ut
996 4271 1027 4332 in
1041 4271 1107 4346 lnac,
1121 4277 1273 4353 persequi-

178 4371 225 4424 tur
238 4363 402 4425 Diodorus.
443 4363 533 4433 Quod
549 4383 619 4425 vero
636 4363 676 4423 de
696 4383 732 4430 ea
752 4362 943 4423 similitudine
963 4362 1104 4426 admonet
1118 4364 1273 4442 Ulpianus,

175 4455 288 4540 puerile
303 4466 359 4532 est,
376 4455 436 4518 sive
449 4457 549 4536 potius
562 4456 723 4536 piaculare,
738 4456 790 4516 ubi
803 4456 854 4528 ait,
867 4474 945 4518 ιιιιιιε
960 4455 1009 4538 [id
1023 4463 1068 4516 est
1080 4455 1109 4516 in
1122 4455 1274 4520 'l'imocra-
