2992 4900
192 315 276 394 848
359 332 387 395 l.
409 328 626 398 TAVLORI
651 325 797 397 PRAEF.
821 327 890 394 AD
914 323 1138 397 uttlsroG.

194 474 283 550 μένην
304 471 389 529 αὐτὸν
402 471 542 551 φυγόντα,
556 472 691 543 ἀξιοῦσαν
708 465 739 528 si
753 465 867 540 παθεῖν,
883 465 929 527 dre
940 467 1056 546 ἴσχυεν,
1071 467 1116 524 ἐπὶ
1135 465 1166 526 rd
1183 475 1234 525 roi
1246 489 1297 544 με·

193 567 297 623 roetico
315 567 491 641 πωλητήριον
510 567 633 638 ἤγαγεν,
654 565 700 621 καὶ
720 566 772 633 τὴν
785 561 910 642 ἂδελφιὶν
931 560 973 619 ἐπ’
993 561 1123 640 ἐξαγωγῇ
1143 565 1298 640 πθπρακεν.

192 655 311 735 ’Υπερίδ
310 681 346 728 ην
296 655 396 716 lle*
419 656 568 736 ἐγράψατο
587 658 763 735 παρανόμων
787 655 832 713 ἐπὶ
854 658 891 734 τῷ
915 657 986 734 perd
1004 653 1185 732 Χαιρώνειαν
1206 655 1294 735 depol

192 774 289 829 ιμαιι,
306 752 393 808 rcci’
366 773 422 829 αιιχ
436 746 521 808 εἷλεν.

232 844 334 923 Hujus
356 844 472 922 generis
487 845 577 904 Actio
592 851 717 904 vocatur
728 813 876 915 Ἔνδειξις.
919 841 962 901 lla
977 851 1034 913 est,
1049 863 1116 902 cum
1138 843 1206 922 quis
1226 843 1296 922 jure

192 939 360 1010 damnatus,
375 937 405 998 ln
415 937 560 1017 judicatis
573 955 633 998 uon
649 938 777 1008 maneat,
792 936 881 996 veluti
897 936 945 995 laio
961 937 1096 996 obtinet:
1119 938 1180 998 Lex
1200 937 1276 1008 uir,
1268 957 1297 997 ιιι

188 1030 309 1109 judicio
320 1031 477 1091 convietus
490 1030 600 1091 debere
614 1055 651 1110 ιφ
639 1029 801 1111 ’,δημοσίῳ
816 1025 886 1088 ille'
878 1045 907 1088 tn
920 1037 1088 1108 suggestum
1108 1047 1145 1089 ne
1159 1028 1297 1134 prodeat,

192 1139 291 1201 neque
305 1141 405 1184 coram
419 1124 535 1201 populo
547 1119 639 1184 verbo
651 1123 780 1183 lrabemr
804 1122 864 1192 Qut
879 1141 967 1200 quem
981 1141 1017 1182 ea
1029 1121 1191 1200 pervicacia
1205 1141 1236 1183 se
1246 1143 1299 1202 ge-

150 1225 305 1275 rentem
320 1213 351 1274 iu
361 1215 415 1292 jos
429 1215 560 1287 duxerit,
576 1233 643 1275 eum
656 1214 826 1276 ἐνδεικνύναι
840 1214 961 1284 dieitur,
982 1213 1233 1304 quemadmodum
1248 1215 1298 1274 hie

195 1307 350 1387 Lycurgus
362 1318 394 1368 et
409 1308 625 1368 Demosthenes
641 1307 855 1386 Aristogitona.
868 1307 945 1396 Vide
959 1307 1106 1386 Harpocr.
1118 1323 1145 1365 v.
1151 1307 1298 1380 Ἔνδειξις.

196 1401 323 1462 Hemld.
347 1403 504 1462 Animadr.
524 1403 564 1462 ad
589 1402 712 1462 Seianas.
728 1403 782 1458 lV.
801 1409 831 1460 9.
847 1419 916 1478 qum
938 1421 992 1462 ooo
1014 1401 1051 1460 ad
1067 1401 1298 1462 Aristocrateam

102 1489 116 1555 ζ
196 1499 267 1556 888.
281 1499 310 1553 8.
324 1495 373 1555 ed.
386 1495 422 1551 R.
446 1495 521 1555 Poll.
537 1495 572 1552 L
586 1495 672 1551 Vlll
692 1493 727 1549 C.
746 1497 777 1550 8
791 1491 880 1560 §49
896 1491 983 1550 Petit.
999 1493 1059 1551 Ll..
1075 1493 1169 1553 Atrio.
1183 1495 1299 1573 aliquo·

196 1584 263 1656 ties,
284 1611 335 1665 ιχ.
351 1585 718 1662 Aristoplr.Vesp.110³.
738 1582 862 1641 Salmas.
883 1581 922 1640 de
942 1581 1300 1646 monocerote

195 1677 303 1738 leand
319 1677 597 1755 Maussac.p.281.
614 1675 735 1754 Ulpiau.
755 1672 1155 1756 adAndrotMoschop.rr.
1173 1663 1299 1799 oxmp.

196 1777 268 1833 188.
291 1771 344 1832 Ait
358 1769 577 1850 Harpocratio·
598 1771 702 1829 πολλοὶ
719 1771 773 1850 μέν
792 1773 847 1830 elce
867 1769 951 1844 λόγοι
964 1765 1132 1844 Ἐνδείξειις,
1151 1795 1241 1854 γνυρι
1241 1777 1299 1854 pei-

198 1889 278 1925 τατοι
299 1860 376 1924 δὲ
349 1890 376 1925 οι
394 1869 453 1926 και*
469 1863 714 1944 Ἀριστογείτονος
733 1861 938 1943 Δημοσθένανς.
981 1862 1071 1931 Quod
1097 1883 1168 1926 sane
1187 1870 1300 1942 nescio,

197 1977 259 2037 quo
273 1958 371 2019 animo
382 1959 423 2020 rit
434 1957 654 2039 accipiendum.

241 2052 333 2110 Periit
350 2052 463 2130 utique,
490 2069 579 2130 quam
599 2046 691 2128 priori
712 2047 791 2118 loeo,
815 2055 920 2126 utpote
943 2056 1013 2108 natu
1031 2049 1179 2128 grandior,
1195 2053 1300 2116 habuit

199 2143 353 2222 Lycurgus
370 2145 421 2204 ille
435 2161 553 2204 severus
566 2152 676 2214 orator,
691 2157 779 2220 quem
801 2159 897 2220 nuper
910 2139 1053 2202 demereri
1067 2145 1178 2206 studui.
1220 2149 1301 2209 Con·

199 2245 334 2296 servatur
345 2246 441 2297 tamen
452 2237 517 2314 ejus
531 2235 671 2296 memoria
680 2227 851 2312 inplurlmis
863 2235 936 2296 locis
945 2237 1212 2301 Grammaticorum
1225 2241 1300 2304 alio·

200 2345 338 2405 rumque.
378 2329 491 2389 Contra
511 2338 620 2401 autem,
636 2345 725 2388 causa
745 2327 805 2400 illa,
819 2347 908 2407 quum
930 2328 959 2387 in
980 2327 1063 2390 istius
1083 2333 1223 2396 Rhetoris
1241 2338 1301 2398 vita

201 2431 342 2481 memorat
355 2421 541 2495 Plutarchus,
556 2441 615 2483 nou
624 2421 781 2494 Ένδιίξιως
795 2430 868 2495 erat,
880 2441 983 2483 verum
996 2423 1123 2507 Διιλίιις,
1138 2428 1161 2488 si
1174 2449 1234 2509 qua
1253 2431 1303 2493 isti

200 2512 345 2592 Scriptori
360 2513 434 2574 tides
449 2515 486 2575 sit
498 2515 644 2576 habenda.
685 2514 902 2575 circumfertur
913 2516 1002 2576 hodie
1017 2518 1132 2593 Oratio,
1144 2540 1233 2601 quam
1249 2524 1302 2585 ha·

201 2606 270 2667 buit
282 2619 386 2669 contra
399 2608 528 2670 eundern
542 2607 744 2687 Aristogitona
758 2608 936 2680 Dinarchus,
952 2608 993 2669 ob
1006 2620 1160 2689 acceptam
1174 2615 1214 2675 ab
1228 2616 1302 2677 llar-

73 2720 76 2724 ·
201 2700 273 2781 palo
283 2703 447 2779 pecuniam.
489 2704 563 2762 Eam
577 2702 607 2763 iu
625 2701 720 2781 primo
740 2700 839 2760 Tomo
860 2700 948 2778 hujus
963 2704 1062 2779 operis
1077 2708 1233 2769 consulere
1248 2710 1302 2787 jn·

201 2790 305 2857 rabit:
326 2814 392 2855 nam
406 2795 437 2855 iu
454 2796 635 2857 recensenda
647 2794 859 2873 Aristogitonis
873 2794 932 2854 rita
943 2796 1098 2873 plurimum
1108 2820 1180 2860 cum
1191 2804 1301 2864 Demo·

201 2890 305 2949 sthene
314 2888 488 2949 concordat.

243 2981 353 3041 Habita
373 2992 419 3042 est
440 2982 506 3041 haec
524 2991 595 3061 post
608 2984 728 3063 OlJinp.
741 2980 810 3042 CX.
823 2984 853 3040 8.
873 3000 935 3059 quo
953 3000 1032 3043 anno
1052 2985 1089 3045 ad
1105 2986 1300 3052 Clreeroneam

202 3088 365 3154 pugnatum
378 3084 435 3145 est,
446 3093 513 3135 cum
525 3076 557 3135 io
567 3078 701 3136 oratioue
715 3083 856 3135 memorat
872 3093 918 3135 rea
928 3076 970 3135 ibi
983 3076 1140 3141 infeliciter
1151 3093 1261 3161 gestas,
1270 3094 1302 3146 ot

203 3167 366 3246 Hyperidis
380 3186 468 3246 super
485 3188 520 3229 ea
535 3190 567 3230 re
587 3170 789 3249 rogationem:
810 3176 878 3227 ante
893 3182 991 3230 autem
1008 3172 1127 3252 Olymp.
1143 3176 1258 3239 CXlll.
1272 3186 1301 3239 8.

202 3278 265 3339 quo
285 3261 315 3318 iu
338 3259 474 3324 exsilium
495 3262 569 3321 ulriit
593 3262 829 3329 Demosthenen
853 3280 921 3319 nam
946 3262 975 3321 in
998 3264 1099 3339 literis,
1125 3287 1198 3345 quas
1219 3272 1302 3331 exsul

204 3356 234 3413 S.
249 3354 283 3411 P.
298 3353 337 3419 Q.
353 3355 390 3411 A.
411 3358 470 3431 pro'
487 3354 588 3414 liberis
610 3355 737 3434 Lycurgi
752 3352 846 3425 dedit,
864 3353 889 3412 si
907 3365 1005 3415 tamen
1020 3358 1146 3433 dederit,
1165 3365 1211 3423 ad'
1226 3365 1300 3427 hand

202 3462 323 3528 causum
332 3444 443 3523 saepius
456 3446 572 3518 alludit,
586 3456 617 3506 et
637 3448 721 3507 simul
735 3445 844 3525 prodit,
860 3466 947 3525 quam
962 3468 1066 3527 purum
1080 3472 1221 3535 prospere
1235 3478 1261 3519 av
1270 3480 1301 3521 se

203 3549 235 3599 et
250 3540 386 3620 Lycurgo
399 3538 488 3601 suerit
501 3542 620 3620 agitata.
642 3542 801 3603 Parnon.
1007 3528 1009 3535 ’
