2992 4900
465 301 532 399 un
555 300 630 367 on.
654 299 841 368 coneum
863 301 1056 369 urorum.
1254 289 1305 364 11

205 464 309 526 nodus
340 483 433 543 quum
453 463 666 544 ignominiosus
690 464 780 525 fuerit
801 475 832 525 et
864 484 1015 526 servorum
1042 463 1193 546 proprius,
1218 463 1308 526 docet
1356 487 1361 493 ’

203 556 318 634 prolixe
331 557 448 617 Tollius
459 557 533 616 ibid.
546 577 578 636 ρ.
590 562 659 618 2³2.
710 559 850 636 iungitur
862 558 916 642 illi,
936 570 1047 619 oostrae
1060 557 1202 618 orationis
1225 566 1247 627 §.
1262 559 1308 619 ed.

204 648 236 708 rt
256 649 305 708 tet
324 651 426 732 νόῤῥης
444 651 540 727 τύψαι,
564 649 584 708 i.
600 669 627 710 e.
654 649 685 709 τὸ
710 653 761 720 τὴν
786 651 897 726 γνάθον
920 655 1045 732 πλατεῖα
1064 655 1167 727 πλῆξαι
1194 653 1267 730 χειρὶ
1291 669 1308 710 e

205 739 366 819 Phryniehi
381 751 413 801 et
425 742 551 804 Thomas·
565 741 702 821 Magistri
717 743 925 821 explicatione.

245 833 353 892 Orstio
368 833 435 894 lraec
453 834 517 912 ipsa
537 833 686 912 scripture
705 835 743 894 sit
759 835 854 894 solum
874 855 912 895 ao
926 836 1008 898 dicta
1020 835 1058 896 ud
1068 835 1206 912 jndicesl
1227 855 1307 914 quae·
1434 851 1438 862 “

205 932 250 984 rat
265 923 384 1002 aliquis.
426 926 578 985 Doeemur
590 935 687 992 nutem
706 926 745 986 sb
762 927 902 988 AEsehine
916 929 951 1006 (a
966 929 998 989 κ’.
1020 946 1042 1008 ς.
1056 927 1104 986 od.
1126 950 1152 986 κ.
1173 928 1307 1009 Krousa.)

206 1018 382 1097 transegisse
409 1017 641 1078 Demosthenem
670 1037 737 1076 eum
763 1019 870 1089 Mitis,
895 1020 1016 1098 triginta
1039 1019 1123 1078 urinis
1144 1019 1183 1093 ab
1201 1039 1238 1079 eo
1255 1039 1306 1078 ae·

205 1109 308 1186 ceptis
332 1108 930 1186 Posterioremloeumadscriberejurat:
945 1109 1188 1191 demonstraretis
1198 1114 1307 1190 μιαρὰν

206 1206 331 1282 κεφαλὴν
341 1207 445 1276 ταύτην
457 1208 503 1261 καὶ
515 1201 682 1276 insideres,
691 1203 726 1273 ἦν
735 1199 851 1278 uiroc&
859 1207 1022 1279 Κτησιφῶν)
1030 1207 1108 1280 παρὰ
1120 1203 1232 1269 πάντας
1242 1203 1308 1269 τοὺς

207 1295 310 1372 νόμους
323 1300 451 1376 γέγραφε
465 1305 652 1376 στεφανῶσαι,
666 1295 794 1374 μυριάκις
804 1298 1001 1374 κατατέτμηκε,
1017 1297 1062 1354 rel
1072 1295 1176 1355 rosires
1188 1292 1322 1373 μισθοῦς,

206 1387 312 1468 εἴληφε,
325 1389 484 1467 τραύματος
498 1390 528 1448 ir
540 1394 676 1468 προνοίας
690 1395 803 1470 γραφὰς
819 1393 1005 1472 γραφόμενος,
1018 1389 1064 1448 καὶ
1084 1387 1308 1448 κατακεκονδύλι·

206 1502 282 1553 παι,
291 1486 360 1542 ὥστε
370 1481 456 1540 αὐτὸν
466 1484 565 1560 οἴομαι
576 1485 612 1540 τὰ
621 1491 676 1540 τῶν
689 1481 830 1542 κονδύλων
842 1485 912 1564 ἴχνη
922 1493 976 1542 πῶν
985 1482 1102 1543 Μειδίαν
1112 1483 1191 1565 ἔχειν
1201 1480 1241 1540 ἔτι
1254 1494 1307 1561 φα.

205 1572 311 1650 repsisti
330 1577 390 1651 γάρ
403 1572 555 1653 ἅνθρωπος
574 1577 607 1632 οὐ
627 1578 761 1653 κεφαλὴν,
782 1577 863 1634 ἀλλὰ
883 1576 1046 1656 κεφάλαιον,
1061 1578 1194 1647 κέκτηται.
1235 1573 1305 1644 Hie,

204 1664 257 1723 nbi
270 1666 336 1743 plns
349 1666 438 1726 liceat
452 1686 540 1745 quem
552 1665 583 1724 in
593 1665 678 1742 justa
692 1667 844 1728 AEschinis
855 1667 995 1740 editione,
1009 1687 1070 1728 oon
1084 1665 1217 1727 dubitavi
1231 1666 1307 1726 asci-

204 1775 286 1818 scere
300 1759 562 1835 ingeniosissimum
575 1760 686 1838 Toupii
701 1759 915 1839 conjecturum,
930 1780 989 1839 qna
1001 1760 1049 1820 ille
1058 1759 1143 1836 joco,
1157 1760 1228 1820 alias
1242 1756 1307 1818 inti·

203 1858 280 1922 ceto,
289 1852 424 1913 oculeum
433 1871 466 1912 se
473 1851 590 1912 dedisse
601 1870 660 1912 nou
672 1852 818 1912 immerito
826 1854 981 1932 gloriatur:
1002 1852 1161 1912 scribendo
1169 1852 1305 1911 nimirum

204 1943 355 2022 κεφάλαιον
368 1964 425 2023 pro
438 1943 586 2022 πρόσοδον,
599 1944 680 2022 quod
692 1954 737 2004 est
750 1943 780 2004 iu
793 1945 931 2006 omnibus
945 1945 1040 2005 libris.
1081 1945 1236 2022 Glossema
1245 1944 1305 2004 hcc

206 2035 295 2110 supin
317 2045 365 2094 est
385 2035 460 2094 enim
480 2036 631 2118 κεφάλαιον
650 2044 752 2116 caput,
770 2037 849 2097 nude
869 2056 965 2097 nsurss
984 2036 1118 2101 redeunt.
1158 2037 1235 2096 Cum
1248 2036 1306 2099 lunc

203 2125 263 2186 litis
273 2128 477 2207 conponendae
491 2127 632 2190 facilitate
645 2129 721 2188 rusie
735 2129 871 2208 profecto
885 2129 946 2188 coit
958 2128 1150 2207 grandiloqua
1164 2127 1221 2187 istu
1234 2128 1308 2188 inte·

203 2220 317 2297 gn'tatis
337 2241 399 2283 suae
412 2222 451 2284 sb
467 2223 546 2282 omni
563 2223 753 2302 corruptione
771 2223 875 2284 alienae
894 2222 1052 2283 ostentatio
1069 2220 1149 2298 apud
1172 2228 1304 2280 nostrum

204 2314 235 2390 ᾖ.
244 2311 286 2386 β’.
300 2323 330 2374 et
344 2316 373 2392 d.
384 2316 417 2388 ξ’.
457 2314 516 2386 Sie,
537 2314 622 2394 eujus
644 2314 796 2396 ingenium,
807 2316 993 2386 mirabamur,
1006 2315 1072 2393 ejus
1085 2313 1214 2373 animum
1229 2332 1305 2392 pene

202 2415 393 2473 contemnere
406 2406 557 2469 discimus.
598 2407 669 2467 Erat
682 2407 762 2467 enim
775 2417 880 2469 eontra
889 2409 969 2488 leges
979 2408 1056 2487 ipses
1071 2407 1138 2467 tulis
1149 2426 1246 2467 causae
1259 2427 1305 2467 re·

201 2496 305 2557 missio
321 2500 351 2575 i.
365 2499 406 2559 ιά.
420 2519 467 2577 αρ’
476 2509 506 2559 et
520 2500 562 2561 ιδ.
604 2498 693 2567 Quod
708 2500 798 2578 igitur
810 2501 911 2561 habita
925 2503 992 2561 lraec
1006 2521 1065 2560 non
1078 2500 1136 2559 tuit
1150 2498 1256 2571 oratio,
1267 2519 1306 2559 eo

201 2588 314 2651 finum
334 2611 398 2651 esse
412 2600 559 2669 putarunt
574 2600 703 2651 veterum
719 2591 821 2670 aliqui,
835 2602 868 2653 ut
881 2593 1028 2664 affectem,
1039 2612 1100 2653 non
1116 2591 1305 2671 perpolitam,

201 2682 383 2761 relinqueret
396 2704 459 2743 eum
475 2694 583 2745 orator.
624 2684 699 2743 Inde
713 2685 904 2763 repetitarum
915 2685 1031 2763 aliquot
1041 2684 1250 2744 sententiarum
1260 2702 1306 2742 rn-

202 2773 315 2834 tionem
330 2774 415 2834 reddi
430 2794 518 2854 posse
528 2774 648 2853 judicet
658 2776 791 2836 Photins.
812 2777 857 2834 Ex
872 2775 930 2836 hoc
943 2796 1049 2855 genere
1061 2776 1110 2836 illa
1121 2776 1305 2853 potissimum

202 2874 249 2925 est
268 2866 438 2937 similitudo,
456 2885 545 2945 quarn
564 2868 603 2927 ab
627 2868 716 2947 ἕράνρ
736 2876 887 2927 mutuatur
900 2868 957 2938 bis,
973 2876 1004 2927 et
1029 2869 1059 2945 l.
1073 2871 1117 2935 ol.
1131 2875 1162 2926 et
1175 2868 1222 2927 νά.
1243 2868 1306 2926 De-

203 2956 384 3018 mosthenes.
407 2959 553 3036 Equidem
569 2958 699 3037 Tayloro
712 2960 859 3032 assentior
873 2960 938 3037 qui,
951 2965 1019 3019 cnm
1034 2959 1239 3026 Photlo‚lrsnc
1252 2957 1307 3018 ite·

202 3050 346 3109 rationem
368 3051 591 3112 commentantis
610 3050 699 3111 fuisse
716 3060 849 3129 putatet
867 3050 1049 3122 fluctuantis,
1070 3070 1131 3129 quo
1151 3051 1220 3113 loco
1239 3050 1306 3110 talis

202 3141 511 3221 renuntiaretissime
526 3142 709 3222 poneretur?
730 3144 827 3203 Simili
841 3144 943 3215 modo,
956 3143 1013 3204 etsi
1026 3164 1060 3204 ea
1077 3142 1194 3207 brevior
1207 3152 1253 3202 est
1266 3143 1306 3210 lo·,

203 3234 298 3305 nulio,
313 3234 359 3294 bis
372 3235 496 3315 legitur:
518 3236 598 3297 inrue
610 3234 724 3315 βραχῦς
738 3238 754 3293 ὁ
769 3239 857 3309 λόγος
870 3234 926 3317 seir
936 3238 1043 3297 ἄνωθεν
1053 3259 1079 3293 κ.
1090 3260 1116 3294 r.
1127 3239 1157 3293 λ.
1172 3236 1202 3311 l.
1213 3237 1306 3307 rotet

202 3332 254 3407 pt.
292 3327 389 3395 Qnule
403 3337 501 3391 sutem
516 3338 547 3389 et
560 3338 703 3406 quantum
722 3326 832 3405 ingenii
846 3330 937 3387 robur
948 3329 981 3387 in
994 3336 1112 3388 oratore
1126 3338 1229 3391 nostro
1242 3326 1305 3386 sue-

203 3422 255 3493 rit,
268 3420 300 3480 id
313 3431 375 3481 tunt
389 3422 515 3481 maxime
530 3431 663 3500 apparet,
677 3440 745 3481 eum
761 3421 931 3482 inchoatum
952 3422 1010 3482 hoc
1028 3422 1094 3499 ejus
1116 3430 1148 3479 et
1165 3420 1305 3481 effectum

203 3513 296 3573 modo
314 3531 391 3592 opus
412 3522 458 3574 tot
475 3534 510 3572 no
530 3513 619 3574 tantis
639 3514 775 3573 videmus
797 3514 954 3592 splendere
972 3514 1138 3575 virtutibus.
1179 3512 1304 3575 Maximi

203 3605 272 3665 lraee
285 3604 380 3665 oratio
393 3624 510 3684 semper
519 3605 598 3665 iactu
611 3614 657 3667 est
670 3606 709 3665 ab
723 3606 944 3685 elegantissimis
957 3607 1125 3684 ossibusque
1139 3605 1233 3665 omnis
1246 3604 1305 3667 seri

204 3697 385 3759 horninibus.
426 3698 524 3759 Testis
537 3698 575 3757 sit
589 3698 701 3759 Plinius
716 3698 823 3770 minor,
837 3700 950 3760 citaote
962 3698 1103 3778 Tsyloro.

484 3798 487 3807 ’
594 3802 615 3846 ᾖ
744 3804 766 3850 O
895 3804 917 3851 1

408 4040 478 4107 EX
501 4042 739 4111 EDITIONE
769 4037 1101 4109 HERVAGIANA

642 4178 872 4240 PRAErs'rlo.

244 4333 518 4396 nenorensem
529 4354 629 4415 pugno
639 4354 734 4395 eaesns
742 4334 773 4399 in
781 4304 924 4396 theatrosi
934 4332 1037 4393 Medio
1046 4326 1219 4391 Atheniensi
1228 4346 1306 4405 prse-

204 4424 309 4501 dirite,
321 4444 389 4489 eun
402 4426 441 4488 nd
452 4428 593 4507 populum
604 4428 764 4491 reeusarit.
803 4428 891 4501 Tune
901 4426 978 4517 enim
996 4424 1036 4486 ab
1049 4424 1100 4484 illo
1113 4421 1247 4504 pulsatus
1259 4430 1306 4479 est
