<?xml version="1.0" encoding="UTF-8"?>
<!DOCTYPE html PUBLIC "-//W3C//DTD XHTML 1.0 Transitional//EN"
    "http://www.w3.org/TR/xhtml1/DTD/xhtml1-transitional.dtd">
<html xmlns="http://www.w3.org/1999/xhtml" xml:lang="en" lang="en">
 <head>
  <title>
</title>
<meta http-equiv="Content-Type" content="text/html;charset=utf-8" />
  <meta name='ocr-system' content='tesseract 3.04.00' />
  <meta name='ocr-capabilities' content='ocr_page ocr_carea ocr_par ocr_line ocrx_word'/>
</head>
<body>
  <div class='ocr_page' id='page_1' title='image "./demosthenisetsc07ulpigoog_0191.png"; bbox 0 0 2992 4900; ppageno 0'>
   <div class='ocr_carea' id='block_1_1' title="bbox 503 665 1007 817">
    <p class='ocr_par' dir='ltr' id='par_1_1' title="bbox 503 665 1007 817">
     <span class='ocr_line' id='line_1_1' title="bbox 503 665 1007 817; baseline -0.01 0"><span class='ocrx_word' id='word_1_1' title='bbox 503 665 1007 817; x_wconf 46' lang='lat' dir='ltr'>rrnrnour&#39;</span> 
     </span>
    </p>
   </div>
   <div class='ocr_carea' id='block_1_2' title="bbox 584 954 886 1025">
    <p class='ocr_par' dir='ltr' id='par_1_2' title="bbox 584 954 886 1025">
     <span class='ocr_line' id='line_1_2' title="bbox 584 954 886 1025; baseline -0.01 -2"><span class='ocrx_word' id='word_1_2' title='bbox 584 954 886 1025; x_wconf 81' lang='lat' dir='ltr'><strong>PRAEFATIO</strong></span> 
     </span>
    </p>
   </div>
   <div class='ocr_carea' id='block_1_3' title="bbox 710 1158 759 1203">
    <p class='ocr_par' dir='ltr' id='par_1_3' title="bbox 710 1158 759 1203">
     <span class='ocr_line' id='line_1_3' title="bbox 710 1158 759 1203; baseline 0 0"><span class='ocrx_word' id='word_1_3' title='bbox 710 1158 759 1203; x_wconf 80' lang='grc' dir='ltr'>ΔΙ)</span> 
     </span>
    </p>
   </div>
   <div class='ocr_carea' id='block_1_4' title="bbox 219 1308 1252 1428">
    <p class='ocr_par' dir='ltr' id='par_1_4' title="bbox 219 1308 1252 1428">
     <span class='ocr_line' id='line_1_4' title="bbox 219 1308 1252 1428; baseline -0.001 -1"><span class='ocrx_word' id='word_1_4' title='bbox 219 1319 661 1428; x_wconf 87' lang='lat' dir='ltr'><strong>ORATIONEM</strong></span> <span class='ocrx_word' id='word_1_5' title='bbox 713 1308 1252 1426; x_wconf 78' lang='lat' dir='ltr'>DEMO&#39;STHENIS</span> 
     </span>
    </p>
   </div>
   <div class='ocr_carea' id='block_1_5' title="bbox 427 1558 1046 1630">
    <p class='ocr_par' dir='ltr' id='par_1_5' title="bbox 427 1558 1046 1630">
     <span class='ocr_line' id='line_1_5' title="bbox 427 1558 1046 1630; baseline 0 0"><span class='ocrx_word' id='word_1_6' title='bbox 427 1560 629 1630; x_wconf 71' lang='lat' dir='ltr'><strong>CONTRA</strong></span> <span class='ocrx_word' id='word_1_7' title='bbox 650 1558 1046 1630; x_wconf 81' lang='lat' dir='ltr'><strong>ARISTOCRATEM.</strong></span> 
     </span>
    </p>
   </div>
   <div class='ocr_carea' id='block_1_6' title="bbox 182 1744 1335 4612">
    <p class='ocr_par' dir='ltr' id='par_1_6' title="bbox 184 1744 1291 2848">
     <span class='ocr_line' id='line_1_6' title="bbox 185 1744 1286 1827; baseline 0.002 -18"><span class='ocrx_word' id='word_1_8' title='bbox 185 1749 289 1809; x_wconf 78' lang='lat' dir='ltr'>nese</span> <span class='ocrx_word' id='word_1_9' title='bbox 308 1748 473 1810; x_wconf 75' lang='lat' dir='ltr'>mehercule</span> <span class='ocrx_word' id='word_1_10' title='bbox 495 1748 535 1809; x_wconf 89' lang='lat' dir='ltr'>ab</span> <span class='ocrx_word' id='word_1_11' title='bbox 550 1748 734 1808; x_wconf 77' lang='lat' dir='ltr'>Aristocsute</span> <span class='ocrx_word' id='word_1_12' title='bbox 748 1744 801 1805; x_wconf 89' lang='lat' dir='ltr'>illo</span> <span class='ocrx_word' id='word_1_13' title='bbox 815 1744 938 1827; x_wconf 84' lang='lat' dir='ltr'>luctum,</span> <span class='ocrx_word' id='word_1_14' title='bbox 964 1747 1055 1826; x_wconf 88' lang='lat' dir='ltr'>qnod,</span> <span class='ocrx_word' id='word_1_15' title='bbox 1078 1766 1147 1809; x_wconf 89' lang='lat' dir='ltr'>cum</span> <span class='ocrx_word' id='word_1_16' title='bbox 1169 1750 1225 1811; x_wconf 89' lang='lat' dir='ltr'>han</span> <span class='ocrx_word' id='word_1_17' title='bbox 1239 1770 1286 1813; x_wconf 90' lang='lat' dir='ltr'>ro-</span> 
     </span>
     <span class='ocr_line' id='line_1_7' title="bbox 184 1838 1289 1919; baseline 0.001 -18"><span class='ocrx_word' id='word_1_18' title='bbox 184 1843 303 1919; x_wconf 80' lang='lat' dir='ltr'>gatione</span> <span class='ocrx_word' id='word_1_19' title='bbox 314 1840 523 1902; x_wconf 81' lang='lat' dir='ltr'>Charidemum</span> <span class='ocrx_word' id='word_1_20' title='bbox 536 1858 642 1902; x_wconf 87' lang='lat' dir='ltr'>ornare</span> <span class='ocrx_word' id='word_1_21' title='bbox 654 1839 760 1909; x_wconf 83' lang='lat' dir='ltr'>voluit,</span> <span class='ocrx_word' id='word_1_22' title='bbox 773 1839 871 1899; x_wconf 89' lang='lat' dir='ltr'>locum</span> <span class='ocrx_word' id='word_1_23' title='bbox 884 1838 969 1900; x_wconf 84' lang='lat' dir='ltr'>dedit</span> <span class='ocrx_word' id='word_1_24' title='bbox 982 1839 1184 1901; x_wconf 73' lang='lat' dir='ltr'>illustrissimae</span> <span class='ocrx_word' id='word_1_25' title='bbox 1196 1843 1289 1911; x_wconf 84' lang='lat' dir='ltr'>Quae·</span> 
     </span>
     <span class='ocr_line' id='line_1_8' title="bbox 185 1931 1287 2019; baseline 0.002 -26"><span class='ocrx_word' id='word_1_26' title='bbox 185 1933 273 1994; x_wconf 88' lang='lat' dir='ltr'>stioni</span> <span class='ocrx_word' id='word_1_27' title='bbox 285 1942 318 1994; x_wconf 90' lang='lat' dir='ltr'>et</span> <span class='ocrx_word' id='word_1_28' title='bbox 330 1934 457 2013; x_wconf 75' lang='lat' dir='ltr'>graviter</span> <span class='ocrx_word' id='word_1_29' title='bbox 470 1944 502 1997; x_wconf 87' lang='lat' dir='ltr'>et</span> <span class='ocrx_word' id='word_1_30' title='bbox 513 1933 679 2015; x_wconf 82' lang='lat' dir='ltr'>perutiliter</span> <span class='ocrx_word' id='word_1_31' title='bbox 691 1951 709 1993; x_wconf 96' lang='lat' dir='ltr'>a</span> <span class='ocrx_word' id='word_1_32' title='bbox 719 1931 921 1993; x_wconf 72' lang='lat' dir='ltr'>Demosthene</span> <span class='ocrx_word' id='word_1_33' title='bbox 935 1932 1110 1994; x_wconf 82' lang='lat' dir='ltr'>tractandae.</span> <span class='ocrx_word' id='word_1_34' title='bbox 1150 1934 1287 2019; x_wconf 76' lang='lat' dir='ltr'>Per-utili·</span> 
     </span>
     <span class='ocr_line' id='line_1_9' title="bbox 185 2024 1288 2109; baseline 0.004 -24"><span class='ocrx_word' id='word_1_35' title='bbox 185 2033 230 2086; x_wconf 87' lang='lat' dir='ltr'>ter</span> <span class='ocrx_word' id='word_1_36' title='bbox 250 2045 333 2101; x_wconf 86' lang='lat' dir='ltr'>sane,</span> <span class='ocrx_word' id='word_1_37' title='bbox 346 2046 416 2087; x_wconf 88' lang='lat' dir='ltr'>cum</span> <span class='ocrx_word' id='word_1_38' title='bbox 435 2046 471 2087; x_wconf 84' lang='lat' dir='ltr'>ea</span> <span class='ocrx_word' id='word_1_39' title='bbox 492 2046 582 2088; x_wconf 88' lang='lat' dir='ltr'>causa</span> <span class='ocrx_word' id='word_1_40' title='bbox 604 2034 651 2089; x_wconf 91' lang='lat' dir='ltr'>tot</span> <span class='ocrx_word' id='word_1_41' title='bbox 671 2028 752 2103; x_wconf 78' lang='lat' dir='ltr'>leges</span> <span class='ocrx_word' id='word_1_42' title='bbox 773 2024 995 2103; x_wconf 83' lang='lat' dir='ltr'>sapientissimae</span> <span class='ocrx_word' id='word_1_43' title='bbox 1017 2026 1103 2105; x_wconf 86' lang='lat' dir='ltr'>Beip.</span> <span class='ocrx_word' id='word_1_44' title='bbox 1125 2046 1288 2109; x_wconf 86' lang='lat' dir='ltr'>earumque</span> 
     </span>
     <span class='ocr_line' id='line_1_10' title="bbox 185 2116 1287 2196; baseline 0.004 -19"><span class='ocrx_word' id='word_1_45' title='bbox 185 2118 365 2179; x_wconf 83' lang='lat' dir='ltr'>luculentam</span> <span class='ocrx_word' id='word_1_46' title='bbox 388 2118 594 2181; x_wconf 69' lang='lat' dir='ltr'>metationem</span> <span class='ocrx_word' id='word_1_47' title='bbox 622 2117 707 2179; x_wconf 86' lang='lat' dir='ltr'>nobis</span> <span class='ocrx_word' id='word_1_48' title='bbox 733 2116 901 2196; x_wconf 75' lang='lat' dir='ltr'>nostrisque</span> <span class='ocrx_word' id='word_1_49' title='bbox 928 2117 1031 2178; x_wconf 81' lang='lat' dir='ltr'>unibus</span> <span class='ocrx_word' id='word_1_50' title='bbox 1057 2120 1287 2195; x_wconf 76' lang='lat' dir='ltr'>conservaverit,</span> 
     </span>
     <span class='ocr_line' id='line_1_11' title="bbox 185 2207 1290 2290; baseline 0.003 -19"><span class='ocrx_word' id='word_1_51' title='bbox 185 2220 260 2290; x_wconf 86' lang='lat' dir='ltr'>qaot</span> <span class='ocrx_word' id='word_1_52' title='bbox 274 2212 306 2271; x_wconf 92' lang='lat' dir='ltr'>in</span> <span class='ocrx_word' id='word_1_53' title='bbox 319 2210 384 2289; x_wconf 89' lang='lat' dir='ltr'>pari</span> <span class='ocrx_word' id='word_1_54' title='bbox 397 2211 511 2272; x_wconf 84' lang='lat' dir='ltr'>ambitu</span> <span class='ocrx_word' id='word_1_55' title='bbox 524 2210 677 2271; x_wconf 90' lang='lat' dir='ltr'>Orationis</span> <span class='ocrx_word' id='word_1_56' title='bbox 690 2210 737 2269; x_wconf 83' lang='lat' dir='ltr'>rix</span> <span class='ocrx_word' id='word_1_57' title='bbox 756 2208 827 2268; x_wconf 89' lang='lat' dir='ltr'>alibi</span> <span class='ocrx_word' id='word_1_58' title='bbox 840 2207 977 2287; x_wconf 82' lang='lat' dir='ltr'>produci,</span> <span class='ocrx_word' id='word_1_59' title='bbox 992 2208 1100 2271; x_wconf 88' lang='lat' dir='ltr'>nedum</span> <span class='ocrx_word' id='word_1_60' title='bbox 1115 2214 1224 2290; x_wconf 83' lang='lat' dir='ltr'>exponi</span> <span class='ocrx_word' id='word_1_61' title='bbox 1236 2222 1290 2274; x_wconf 90' lang='lat' dir='ltr'>aut</span> 
     </span>
     <span class='ocr_line' id='line_1_12' title="bbox 184 2301 1290 2383; baseline 0.002 -19"><span class='ocrx_word' id='word_1_62' title='bbox 184 2304 327 2365; x_wconf 79' lang='lat' dir='ltr'>elucidari</span> <span class='ocrx_word' id='word_1_63' title='bbox 338 2302 446 2364; x_wconf 83' lang='lat' dir='ltr'>rideas.</span> <span class='ocrx_word' id='word_1_64' title='bbox 481 2304 569 2383; x_wconf 80' lang='lat' dir='ltr'>AEgre</span> <span class='ocrx_word' id='word_1_65' title='bbox 580 2302 656 2365; x_wconf 85' lang='lat' dir='ltr'>feret</span> <span class='ocrx_word' id='word_1_66' title='bbox 668 2302 778 2361; x_wconf 86' lang='lat' dir='ltr'>Lector</span> <span class='ocrx_word' id='word_1_67' title='bbox 791 2310 891 2361; x_wconf 91' lang='lat' dir='ltr'>noster</span> <span class='ocrx_word' id='word_1_68' title='bbox 898 2301 1040 2377; x_wconf 83' lang='lat' dir='ltr'>eruditur,</span> <span class='ocrx_word' id='word_1_69' title='bbox 1051 2324 1083 2363; x_wconf 90' lang='lat' dir='ltr'>se</span> <span class='ocrx_word' id='word_1_70' title='bbox 1096 2323 1113 2364; x_wconf 89' lang='lat' dir='ltr'>a</span> <span class='ocrx_word' id='word_1_71' title='bbox 1125 2322 1172 2363; x_wconf 87' lang='lat' dir='ltr'>me</span> <span class='ocrx_word' id='word_1_72' title='bbox 1186 2304 1290 2366; x_wconf 91' lang='lat' dir='ltr'>admo·</span> 
     </span>
     <span class='ocr_line' id='line_1_13' title="bbox 185 2394 1289 2476; baseline 0 -18"><span class='ocrx_word' id='word_1_73' title='bbox 185 2398 257 2469; x_wconf 90' lang='lat' dir='ltr'>neri,</span> <span class='ocrx_word' id='word_1_74' title='bbox 273 2406 419 2476; x_wconf 85' lang='lat' dir='ltr'>quantum</span> <span class='ocrx_word' id='word_1_75' title='bbox 439 2396 478 2458; x_wconf 91' lang='lat' dir='ltr'>ad</span> <span class='ocrx_word' id='word_1_76' title='bbox 499 2397 576 2458; x_wconf 89' lang='lat' dir='ltr'>hanc</span> <span class='ocrx_word' id='word_1_77' title='bbox 596 2394 771 2457; x_wconf 74' lang='lat' dir='ltr'>Orationem</span> <span class='ocrx_word' id='word_1_78' title='bbox 794 2402 875 2455; x_wconf 89' lang='lat' dir='ltr'>recte</span> <span class='ocrx_word' id='word_1_79' title='bbox 898 2394 1116 2475; x_wconf 77' lang='lat' dir='ltr'>intelligendam</span> <span class='ocrx_word' id='word_1_80' title='bbox 1131 2395 1289 2458; x_wconf 79' lang='lat' dir='ltr'>conserant</span> 
     </span>
     <span class='ocr_line' id='line_1_14' title="bbox 185 2488 1288 2566; baseline 0.001 -16"><span class='ocrx_word' id='word_1_81' title='bbox 185 2489 351 2551; x_wconf 88' lang='lat' dir='ltr'>doctissimi</span> <span class='ocrx_word' id='word_1_82' title='bbox 365 2489 436 2564; x_wconf 86' lang='lat' dir='ltr'>Viri,</span> <span class='ocrx_word' id='word_1_83' title='bbox 450 2499 482 2550; x_wconf 88' lang='lat' dir='ltr'>et</span> <span class='ocrx_word' id='word_1_84' title='bbox 500 2489 540 2551; x_wconf 87' lang='lat' dir='ltr'>de</span> <span class='ocrx_word' id='word_1_85' title='bbox 558 2490 630 2550; x_wconf 87' lang='lat' dir='ltr'>Jure</span> <span class='ocrx_word' id='word_1_86' title='bbox 650 2488 709 2548; x_wconf 85' lang='lat' dir='ltr'>lroo</span> <span class='ocrx_word' id='word_1_87' title='bbox 729 2493 831 2547; x_wconf 87' lang='lat' dir='ltr'>nostro</span> <span class='ocrx_word' id='word_1_88' title='bbox 845 2488 986 2566; x_wconf 83' lang='lat' dir='ltr'>praeelare</span> <span class='ocrx_word' id='word_1_89' title='bbox 1002 2489 1107 2561; x_wconf 89' lang='lat' dir='ltr'>meriti,</span> <span class='ocrx_word' id='word_1_90' title='bbox 1124 2491 1156 2550; x_wconf 91' lang='lat' dir='ltr'>S.</span> <span class='ocrx_word' id='word_1_91' title='bbox 1172 2491 1288 2552; x_wconf 84' lang='lat' dir='ltr'>Petitur</span> 
     </span>
     <span class='ocr_line' id='line_1_15' title="bbox 185 2581 1291 2656; baseline 0.004 -14"><span class='ocrx_word' id='word_1_92' title='bbox 185 2581 247 2643; x_wconf 69' lang='lat' dir='ltr'>tt,</span> <span class='ocrx_word' id='word_1_93' title='bbox 262 2583 356 2642; x_wconf 80' lang='lat' dir='ltr'>Attie.</span> <span class='ocrx_word' id='word_1_94' title='bbox 372 2582 405 2642; x_wconf 80' lang='lat' dir='ltr'>L</span> <span class='ocrx_word' id='word_1_95' title='bbox 419 2582 609 2643; x_wconf 74' lang='lat' dir='ltr'>vitrier.</span> <span class='ocrx_word' id='word_1_96' title='bbox 624 2599 692 2642; x_wconf 89' lang='lat' dir='ltr'>cum</span> <span class='ocrx_word' id='word_1_97' title='bbox 706 2581 947 2642; x_wconf 75' lang='lat' dir='ltr'>annotationibus</span> <span class='ocrx_word' id='word_1_98' title='bbox 958 2582 1157 2656; x_wconf 75' lang='lat' dir='ltr'>eruditissimi,</span> <span class='ocrx_word' id='word_1_99' title='bbox 1172 2585 1291 2646; x_wconf 88' lang='lat' dir='ltr'>amicis·</span> 
     </span>
     <span class='ocr_line' id='line_1_16' title="bbox 186 2672 1289 2756; baseline 0.005 -22"><span class='ocrx_word' id='word_1_100' title='bbox 186 2673 311 2755; x_wconf 87' lang='lat' dir='ltr'>risuique</span> <span class='ocrx_word' id='word_1_101' title='bbox 319 2675 516 2756; x_wconf 78' lang='lat' dir='ltr'>Wesaelingii,</span> <span class='ocrx_word' id='word_1_102' title='bbox 527 2675 635 2735; x_wconf 80' lang='lat' dir='ltr'>Claud.</span> <span class='ocrx_word' id='word_1_103' title='bbox 643 2673 805 2735; x_wconf 90' lang='lat' dir='ltr'>Salmasius</span> <span class='ocrx_word' id='word_1_104' title='bbox 814 2672 853 2733; x_wconf 92' lang='lat' dir='ltr'>de</span> <span class='ocrx_word' id='word_1_105' title='bbox 864 2673 959 2734; x_wconf 85' lang='lat' dir='ltr'>Modo</span> <span class='ocrx_word' id='word_1_106' title='bbox 970 2674 1132 2737; x_wconf 84' lang='lat' dir='ltr'>Usurerum</span> <span class='ocrx_word' id='word_1_107' title='bbox 1143 2679 1179 2740; x_wconf 84' lang='lat' dir='ltr'>C.</span> <span class='ocrx_word' id='word_1_108' title='bbox 1189 2679 1289 2740; x_wconf 83' lang='lat' dir='ltr'>xvtl.</span> 
     </span>
     <span class='ocr_line' id='line_1_17' title="bbox 185 2763 1047 2848; baseline -0.001 -22"><span class='ocrx_word' id='word_1_109' title='bbox 185 2767 336 2828; x_wconf 85' lang='lat' dir='ltr'>lleraldus</span> <span class='ocrx_word' id='word_1_110' title='bbox 350 2767 478 2848; x_wconf 88' lang='lat' dir='ltr'>denique</span> <span class='ocrx_word' id='word_1_111' title='bbox 492 2767 647 2828; x_wconf 76' lang='lat' dir='ltr'>Animadv.</span> <span class='ocrx_word' id='word_1_112' title='bbox 661 2766 691 2826; x_wconf 92' lang='lat' dir='ltr'>in</span> <span class='ocrx_word' id='word_1_113' title='bbox 706 2765 830 2825; x_wconf 87' lang='lat' dir='ltr'>Salmas.</span> <span class='ocrx_word' id='word_1_114' title='bbox 845 2765 879 2825; x_wconf 62' lang='lat'>1,</span> <span class='ocrx_word' id='word_1_115' title='bbox 890 2763 944 2830; x_wconf 83' lang='lat' dir='ltr'>w.</span> <span class='ocrx_word' id='word_1_116' title='bbox 959 2765 995 2827; x_wconf 81' lang='lat' dir='ltr'>C.</span> <span class='ocrx_word' id='word_1_117' title='bbox 1010 2767 1047 2826; x_wconf 86' lang='lat' dir='ltr'>V.</span> 
     </span>
    </p>

    <p class='ocr_par' dir='ltr' id='par_1_7' title="bbox 182 2855 1335 4612">
     <span class='ocr_line' id='line_1_18' title="bbox 224 2855 1288 2938; baseline 0.002 -18"><span class='ocrx_word' id='word_1_118' title='bbox 224 2859 277 2920; x_wconf 80' lang='lat' dir='ltr'>Ab</span> <span class='ocrx_word' id='word_1_119' title='bbox 290 2861 349 2921; x_wconf 86' lang='lat' dir='ltr'>lroc</span> <span class='ocrx_word' id='word_1_120' title='bbox 368 2860 548 2922; x_wconf 81' lang='lat' dir='ltr'>criticorum</span> <span class='ocrx_word' id='word_1_121' title='bbox 561 2859 636 2938; x_wconf 89' lang='lat' dir='ltr'>pari,</span> <span class='ocrx_word' id='word_1_122' title='bbox 650 2858 827 2919; x_wconf 77' lang='lat' dir='ltr'>Scinasium</span> <span class='ocrx_word' id='word_1_123' title='bbox 841 2855 975 2936; x_wconf 78' lang='lat' dir='ltr'>intelligo</span> <span class='ocrx_word' id='word_1_124' title='bbox 988 2867 1019 2920; x_wconf 91' lang='lat' dir='ltr'>et</span> <span class='ocrx_word' id='word_1_125' title='bbox 1033 2859 1203 2934; x_wconf 88' lang='lat' dir='ltr'>Heraldum,</span> <span class='ocrx_word' id='word_1_126' title='bbox 1219 2881 1288 2922; x_wconf 87' lang='lat' dir='ltr'>cnm</span> 
     </span>
     <span class='ocr_line' id='line_1_19' title="bbox 185 2949 1288 3030; baseline 0.001 -17"><span class='ocrx_word' id='word_1_127' title='bbox 185 2953 278 3015; x_wconf 78' lang='lat' dir='ltr'>multa</span> <span class='ocrx_word' id='word_1_128' title='bbox 290 2953 398 3013; x_wconf 88' lang='lat' dir='ltr'>acriter</span> <span class='ocrx_word' id='word_1_129' title='bbox 409 2962 441 3013; x_wconf 87' lang='lat' dir='ltr'>et</span> <span class='ocrx_word' id='word_1_130' title='bbox 454 2951 569 3012; x_wconf 88' lang='lat' dir='ltr'>erudite</span> <span class='ocrx_word' id='word_1_131' title='bbox 583 2951 721 3029; x_wconf 77' lang='lat' dir='ltr'>nmisque</span> <span class='ocrx_word' id='word_1_132' title='bbox 735 2949 935 3028; x_wconf 89' lang='lat' dir='ltr'>disputantur,</span> <span class='ocrx_word' id='word_1_133' title='bbox 949 2969 1018 3030; x_wconf 77' lang='lat' dir='ltr'>qum</span> <span class='ocrx_word' id='word_1_134' title='bbox 1032 2952 1069 3012; x_wconf 90' lang='lat' dir='ltr'>ad</span> <span class='ocrx_word' id='word_1_135' title='bbox 1085 2971 1205 3012; x_wconf 88' lang='lat' dir='ltr'>causam</span> <span class='ocrx_word' id='word_1_136' title='bbox 1219 2955 1288 3015; x_wconf 79' lang='lat' dir='ltr'>Ari·</span> 
     </span>
     <span class='ocr_line' id='line_1_20' title="bbox 186 3041 1288 3126; baseline -0.001 -18"><span class='ocrx_word' id='word_1_137' title='bbox 186 3057 364 3108; x_wconf 85' lang='lat' dir='ltr'>stocrateam</span> <span class='ocrx_word' id='word_1_138' title='bbox 378 3045 559 3125; x_wconf 77' lang='lat' dir='ltr'>pertingunt,</span> <span class='ocrx_word' id='word_1_139' title='bbox 573 3055 637 3106; x_wconf 89' lang='lat' dir='ltr'>tum</span> <span class='ocrx_word' id='word_1_140' title='bbox 648 3043 721 3103; x_wconf 89' lang='lat' dir='ltr'>illud</span> <span class='ocrx_word' id='word_1_141' title='bbox 735 3041 888 3121; x_wconf 87' lang='lat' dir='ltr'>imprimis,</span> <span class='ocrx_word' id='word_1_142' title='bbox 902 3044 985 3123; x_wconf 91' lang='lat' dir='ltr'>quod</span> <span class='ocrx_word' id='word_1_143' title='bbox 1000 3044 1085 3106; x_wconf 83' lang='lat' dir='ltr'>irtins</span> <span class='ocrx_word' id='word_1_144' title='bbox 1100 3066 1199 3107; x_wconf 84' lang='lat' dir='ltr'>causae</span> <span class='ocrx_word' id='word_1_145' title='bbox 1211 3067 1288 3126; x_wconf 84' lang='lat' dir='ltr'>pene</span> 
     </span>
     <span class='ocr_line' id='line_1_21' title="bbox 186 3133 1287 3218; baseline 0.001 -18"><span class='ocrx_word' id='word_1_146' title='bbox 186 3157 329 3200; x_wconf 82' lang='lat' dir='ltr'>summam</span> <span class='ocrx_word' id='word_1_147' title='bbox 347 3157 407 3198; x_wconf 90' lang='lat' dir='ltr'>non</span> <span class='ocrx_word' id='word_1_148' title='bbox 426 3137 617 3198; x_wconf 83' lang='lat' dir='ltr'>mediocriter</span> <span class='ocrx_word' id='word_1_149' title='bbox 634 3133 745 3197; x_wconf 77' lang='lat' dir='ltr'>afficitz</span> <span class='ocrx_word' id='word_1_150' title='bbox 768 3135 922 3209; x_wconf 87' lang='lat' dir='ltr'>Nimirum,</span> <span class='ocrx_word' id='word_1_151' title='bbox 934 3155 1004 3197; x_wconf 90' lang='lat' dir='ltr'>cum</span> <span class='ocrx_word' id='word_1_152' title='bbox 1022 3137 1052 3197; x_wconf 95' lang='lat' dir='ltr'>in</span> <span class='ocrx_word' id='word_1_153' title='bbox 1068 3157 1121 3198; x_wconf 91' lang='lat' dir='ltr'>sua</span> <span class='ocrx_word' id='word_1_154' title='bbox 1134 3141 1287 3218; x_wconf 81' lang='lat' dir='ltr'>rogatione</span> 
     </span>
     <span class='ocr_line' id='line_1_22' title="bbox 186 3229 1288 3310; baseline 0.002 -18"><span class='ocrx_word' id='word_1_155' title='bbox 186 3229 339 3310; x_wconf 82' lang='lat' dir='ltr'>scripserit</span> <span class='ocrx_word' id='word_1_156' title='bbox 356 3229 576 3291; x_wconf 69' lang='lat' dir='ltr'>Aristocraten</span> <span class='ocrx_word' id='word_1_157' title='bbox 598 3243 810 3305; x_wconf 74' lang='lat' dir='ltr'>quicunque</span> <span class='ocrx_word' id='word_1_158' title='bbox 836 3241 1086 3290; x_wconf 69' lang='lat' dir='ltr'>cassandrinus</span> <span class='ocrx_word' id='word_1_159' title='bbox 1111 3245 1288 3294; x_wconf 75' lang='lat' dir='ltr'>turnare·</span> 
     </span>
     <span class='ocr_line' id='line_1_23' title="bbox 186 3335 1291 3398; baseline 0.003 -15"><span class='ocrx_word' id='word_1_160' title='bbox 186 3339 306 3394; x_wconf 80' lang='lat' dir='ltr'>enarr,</span> <span class='ocrx_word' id='word_1_161' title='bbox 322 3337 399 3384; x_wconf 77' lang='lat' dir='ltr'>nuta</span> <span class='ocrx_word' id='word_1_162' title='bbox 414 3337 463 3383; x_wconf 77' lang='lat' dir='ltr'>nx</span> <span class='ocrx_word' id='word_1_163' title='bbox 479 3337 644 3384; x_wconf 74' lang='lat' dir='ltr'>omnious</span> <span class='ocrx_word' id='word_1_164' title='bbox 660 3335 852 3392; x_wconf 73' lang='lat' dir='ltr'>nanninus,</span> <span class='ocrx_word' id='word_1_165' title='bbox 867 3335 947 3398; x_wconf 74' lang='lat' dir='ltr'>qum</span> <span class='ocrx_word' id='word_1_166' title='bbox 968 3335 1121 3383; x_wconf 65' lang='grc' dir='ltr'>Μυκη</span> <span class='ocrx_word' id='word_1_167' title='bbox 1144 3341 1189 3386; x_wconf 80' lang='lat' dir='ltr'>nn·</span> <span class='ocrx_word' id='word_1_168' title='bbox 1205 3341 1291 3386; x_wconf 78' lang='lat' dir='ltr'>sart·</span> 
     </span>
     <span class='ocr_line' id='line_1_24' title="bbox 187 3411 1286 3490; baseline 0 -12"><span class='ocrx_word' id='word_1_169' title='bbox 187 3431 290 3478; x_wconf 83' lang='lat' dir='ltr'>crrra</span> <span class='ocrx_word' id='word_1_170' title='bbox 305 3431 381 3477; x_wconf 83' lang='lat' dir='ltr'>cors</span> <span class='ocrx_word' id='word_1_171' title='bbox 404 3431 436 3475; x_wconf 79' lang='lat' dir='ltr'>a.</span> <span class='ocrx_word' id='word_1_172' title='bbox 451 3430 484 3476; x_wconf 78' lang='lat' dir='ltr'>s.</span> <span class='ocrx_word' id='word_1_173' title='bbox 506 3427 728 3475; x_wconf 72' lang='lat' dir='ltr'>consumeres</span> <span class='ocrx_word' id='word_1_174' title='bbox 754 3423 906 3485; x_wconf 75' lang='lat' dir='ltr'>sensns,</span> <span class='ocrx_word' id='word_1_175' title='bbox 929 3411 1139 3478; x_wconf 78' lang='grc' dir='ltr'>ΑΓΩΓΙΜΟΝ</span> <span class='ocrx_word' id='word_1_176' title='bbox 1159 3415 1286 3490; x_wconf 77' lang='grc' dir='ltr'><strong>ΕΙΝΑΙ,</strong></span> 
     </span>
     <span class='ocr_line' id='line_1_25' title="bbox 186 3503 1289 3590; baseline 0 -21"><span class='ocrx_word' id='word_1_177' title='bbox 186 3510 259 3590; x_wconf 84' lang='lat' dir='ltr'>qaid</span> <span class='ocrx_word' id='word_1_178' title='bbox 274 3528 329 3590; x_wconf 85' lang='lat' dir='ltr'>per</span> <span class='ocrx_word' id='word_1_179' title='bbox 337 3507 413 3568; x_wconf 89' lang='lat' dir='ltr'>illud</span> <span class='ocrx_word' id='word_1_180' title='bbox 421 3510 573 3587; x_wconf 71' lang='grc' dir='ltr'>ὰγύγιμον</span> <span class='ocrx_word' id='word_1_181' title='bbox 587 3505 754 3565; x_wconf 68' lang='lat' dir='ltr'>necessum</span> <span class='ocrx_word' id='word_1_182' title='bbox 768 3503 808 3564; x_wconf 92' lang='lat' dir='ltr'>sit</span> <span class='ocrx_word' id='word_1_183' title='bbox 821 3504 1054 3586; x_wconf 82' lang='lat' dir='ltr'>intelligendum,</span> <span class='ocrx_word' id='word_1_184' title='bbox 1066 3509 1131 3568; x_wconf 89' lang='lat' dir='ltr'>scil.</span> <span class='ocrx_word' id='word_1_185' title='bbox 1142 3507 1216 3587; x_wconf 89' lang='lat' dir='ltr'>qnid</span> <span class='ocrx_word' id='word_1_186' title='bbox 1226 3510 1289 3570; x_wconf 91' lang='lat' dir='ltr'>cui·</span> 
     </span>
     <span class='ocr_line' id='line_1_26' title="bbox 186 3597 1287 3676; baseline -0.001 -14"><span class='ocrx_word' id='word_1_187' title='bbox 186 3603 229 3661; x_wconf 82' lang='lat' dir='ltr'>ris</span> <span class='ocrx_word' id='word_1_188' title='bbox 241 3603 272 3662; x_wconf 93' lang='lat' dir='ltr'>in</span> <span class='ocrx_word' id='word_1_189' title='bbox 287 3619 357 3662; x_wconf 88' lang='lat' dir='ltr'>euns</span> <span class='ocrx_word' id='word_1_190' title='bbox 371 3599 521 3660; x_wconf 82' lang='lat' dir='ltr'>hominem</span> <span class='ocrx_word' id='word_1_191' title='bbox 535 3598 652 3674; x_wconf 88' lang='lat' dir='ltr'>liceret,</span> <span class='ocrx_word' id='word_1_192' title='bbox 668 3598 721 3676; x_wconf 88' lang='lat' dir='ltr'>qui</span> <span class='ocrx_word' id='word_1_193' title='bbox 732 3597 942 3658; x_wconf 83' lang='lat' dir='ltr'>Charidemum</span> <span class='ocrx_word' id='word_1_194' title='bbox 953 3599 1014 3659; x_wconf 88' lang='lat' dir='ltr'>leto</span> <span class='ocrx_word' id='word_1_195' title='bbox 1025 3599 1150 3660; x_wconf 86' lang='lat' dir='ltr'>dederit.</span> <span class='ocrx_word' id='word_1_196' title='bbox 1185 3600 1287 3661; x_wconf 82' lang='lat' dir='ltr'>Fuisse</span> 
     </span>
     <span class='ocr_line' id='line_1_27' title="bbox 185 3688 1287 3772; baseline -0.002 -17"><span class='ocrx_word' id='word_1_197' title='bbox 185 3695 365 3772; x_wconf 73' lang='grc' dir='ltr'>Ἀπαγνγὴν</span> <span class='ocrx_word' id='word_1_198' title='bbox 384 3695 416 3753; x_wconf 91' lang='lat' dir='ltr'>in</span> <span class='ocrx_word' id='word_1_199' title='bbox 436 3689 672 3771; x_wconf 86' lang='lat' dir='ltr'>Jnrisprudentia</span> <span class='ocrx_word' id='word_1_200' title='bbox 685 3689 798 3764; x_wconf 73' lang='lat' dir='ltr'>Attica,</span> <span class='ocrx_word' id='word_1_201' title='bbox 813 3688 898 3751; x_wconf 89' lang='lat' dir='ltr'>istius</span> <span class='ocrx_word' id='word_1_202' title='bbox 911 3689 991 3752; x_wconf 89' lang='lat' dir='ltr'>Jnris</span> <span class='ocrx_word' id='word_1_203' title='bbox 1012 3691 1100 3770; x_wconf 90' lang='lat' dir='ltr'>periti</span> <span class='ocrx_word' id='word_1_204' title='bbox 1122 3693 1216 3771; x_wconf 89' lang='lat' dir='ltr'>probe</span> <span class='ocrx_word' id='word_1_205' title='bbox 1231 3713 1287 3753; x_wconf 93' lang='lat' dir='ltr'>no·</span> 
     </span>
     <span class='ocr_line' id='line_1_28' title="bbox 186 3783 1289 3865; baseline -0.004 -16"><span class='ocrx_word' id='word_1_206' title='bbox 186 3798 272 3849; x_wconf 86' lang='lat' dir='ltr'>runt:</span> <span class='ocrx_word' id='word_1_207' title='bbox 292 3794 402 3849; x_wconf 91' lang='lat' dir='ltr'>norunt</span> <span class='ocrx_word' id='word_1_208' title='bbox 415 3786 516 3857; x_wconf 87' lang='lat' dir='ltr'>etiam,</span> <span class='ocrx_word' id='word_1_209' title='bbox 530 3783 605 3865; x_wconf 90' lang='lat' dir='ltr'>quid</span> <span class='ocrx_word' id='word_1_210' title='bbox 619 3783 676 3843; x_wconf 86' lang='lat' dir='ltr'>sibi</span> <span class='ocrx_word' id='word_1_211' title='bbox 690 3783 773 3858; x_wconf 84' lang='lat' dir='ltr'>velit,</span> <span class='ocrx_word' id='word_1_212' title='bbox 787 3791 818 3844; x_wconf 87' lang='lat' dir='ltr'>et</span> <span class='ocrx_word' id='word_1_213' title='bbox 832 3784 959 3862; x_wconf 89' lang='lat' dir='ltr'>qualiter</span> <span class='ocrx_word' id='word_1_214' title='bbox 973 3784 1149 3846; x_wconf 82' lang='lat' dir='ltr'>exercenda.</span> <span class='ocrx_word' id='word_1_215' title='bbox 1191 3785 1289 3846; x_wconf 86' lang='lat' dir='ltr'>Nimi-</span> 
     </span>
     <span class='ocr_line' id='line_1_29' title="bbox 186 3875 1335 3962; baseline -0.003 -17"><span class='ocrx_word' id='word_1_216' title='bbox 186 3905 261 3959; x_wconf 88' lang='lat' dir='ltr'>rum,</span> <span class='ocrx_word' id='word_1_217' title='bbox 272 3885 384 3962; x_wconf 69' lang='lat' dir='ltr'>irpiecta</span> <span class='ocrx_word' id='word_1_218' title='bbox 395 3899 485 3942; x_wconf 69' lang='lat' dir='ltr'>neas</span> <span class='ocrx_word' id='word_1_219' title='bbox 494 3899 575 3940; x_wconf 79' lang='lat' dir='ltr'>mss</span> <span class='ocrx_word' id='word_1_220' title='bbox 589 3879 686 3956; x_wconf 74' lang='lat' dir='ltr'>injus</span> <span class='ocrx_word' id='word_1_221' title='bbox 697 3875 812 3950; x_wconf 74' lang='lat' dir='ltr'>ducere,</span> <span class='ocrx_word' id='word_1_222' title='bbox 825 3885 861 3937; x_wconf 82' lang='lat' dir='ltr'>at</span> <span class='ocrx_word' id='word_1_223' title='bbox 875 3877 919 3938; x_wconf 79' lang='lat' dir='ltr'>idi</span> <span class='ocrx_word' id='word_1_224' title='bbox 932 3878 1094 3958; x_wconf 80' lang='lat' dir='ltr'>legitimum</span> <span class='ocrx_word' id='word_1_225' title='bbox 1107 3879 1289 3958; x_wconf 82' lang='lat' dir='ltr'>supplicium</span> <span class='ocrx_word' id='word_1_226' title='bbox 1331 3907 1335 3918; x_wconf 68' lang='lat'><strong><em>¹</em></strong></span> 
     </span>
     <span class='ocr_line' id='line_1_30' title="bbox 184 3969 1288 4052; baseline -0.001 -16"><span class='ocrx_word' id='word_1_227' title='bbox 184 3975 220 4036; x_wconf 82' lang='lat' dir='ltr'>de</span> <span class='ocrx_word' id='word_1_228' title='bbox 231 3995 265 4035; x_wconf 84' lang='lat' dir='ltr'>eo</span> <span class='ocrx_word' id='word_1_229' title='bbox 277 3981 433 4035; x_wconf 67' lang='lat' dir='ltr'>sennar:</span> <span class='ocrx_word' id='word_1_230' title='bbox 451 3983 596 4052; x_wconf 69' lang='lat' dir='ltr'>proterea</span> <span class='ocrx_word' id='word_1_231' title='bbox 609 3969 692 4030; x_wconf 84' lang='lat' dir='ltr'>nihil.</span> <span class='ocrx_word' id='word_1_232' title='bbox 727 3973 828 4048; x_wconf 76' lang='lat' dir='ltr'>Atque</span> <span class='ocrx_word' id='word_1_233' title='bbox 841 3969 872 4030; x_wconf 94' lang='lat' dir='ltr'>in</span> <span class='ocrx_word' id='word_1_234' title='bbox 884 3971 953 4043; x_wconf 89' lang='lat' dir='ltr'>hoc,</span> <span class='ocrx_word' id='word_1_235' title='bbox 968 3971 1071 4043; x_wconf 89' lang='lat' dir='ltr'>credo,</span> <span class='ocrx_word' id='word_1_236' title='bbox 1087 3974 1288 4051; x_wconf 89' lang='lat' dir='ltr'>consentiunt,</span> 
     </span>
     <span class='ocr_line' id='line_1_31' title="bbox 185 4063 1289 4146; baseline 0.001 -19"><span class='ocrx_word' id='word_1_237' title='bbox 185 4067 283 4146; x_wconf 84' lang='lat' dir='ltr'>quiin</span> <span class='ocrx_word' id='word_1_238' title='bbox 297 4067 435 4128; x_wconf 89' lang='lat' dir='ltr'>omnibns</span> <span class='ocrx_word' id='word_1_239' title='bbox 448 4064 509 4126; x_wconf 87' lang='lat' dir='ltr'>fere</span> <span class='ocrx_word' id='word_1_240' title='bbox 522 4065 588 4125; x_wconf 89' lang='lat' dir='ltr'>aliis</span> <span class='ocrx_word' id='word_1_241' title='bbox 601 4063 757 4123; x_wconf 86' lang='lat' dir='ltr'>dissentire</span> <span class='ocrx_word' id='word_1_242' title='bbox 771 4063 849 4122; x_wconf 87' lang='lat' dir='ltr'>inter</span> <span class='ocrx_word' id='word_1_243' title='bbox 858 4081 890 4123; x_wconf 85' lang='lat' dir='ltr'>se</span> <span class='ocrx_word' id='word_1_244' title='bbox 904 4063 1051 4124; x_wconf 81' lang='lat' dir='ltr'>videntur.</span> <span class='ocrx_word' id='word_1_245' title='bbox 1092 4066 1245 4138; x_wconf 76' lang='lat' dir='ltr'>Attamen,</span> <span class='ocrx_word' id='word_1_246' title='bbox 1262 4067 1289 4128; x_wconf 90' lang='lat' dir='ltr'>si</span> 
     </span>
     <span class='ocr_line' id='line_1_32' title="bbox 186 4153 1291 4235; baseline -0.002 -14"><span class='ocrx_word' id='word_1_247' title='bbox 186 4157 381 4221; x_wconf 73' lang='lat' dir='ltr'>Demmtheni</span> <span class='ocrx_word' id='word_1_248' title='bbox 393 4157 509 4228; x_wconf 82' lang='lat' dir='ltr'>eredas,</span> <span class='ocrx_word' id='word_1_249' title='bbox 519 4175 555 4217; x_wconf 86' lang='lat' dir='ltr'>er</span> <span class='ocrx_word' id='word_1_250' title='bbox 567 4156 624 4216; x_wconf 84' lang='lat' dir='ltr'>lrac</span> <span class='ocrx_word' id='word_1_251' title='bbox 635 4153 828 4214; x_wconf 80' lang='lat' dir='ltr'>Aristocratis</span> <span class='ocrx_word' id='word_1_252' title='bbox 841 4153 995 4234; x_wconf 81' lang='lat' dir='ltr'>rogatione</span> <span class='ocrx_word' id='word_1_253' title='bbox 1005 4167 1188 4235; x_wconf 87' lang='lat' dir='ltr'>sequeretur,</span> <span class='ocrx_word' id='word_1_254' title='bbox 1199 4157 1291 4220; x_wconf 90' lang='lat' dir='ltr'>incle-</span> 
     </span>
     <span class='ocr_line' id='line_1_33' title="bbox 184 4245 1287 4328; baseline -0.002 -16"><span class='ocrx_word' id='word_1_255' title='bbox 184 4251 314 4312; x_wconf 78' lang='lat' dir='ltr'>mentius</span> <span class='ocrx_word' id='word_1_256' title='bbox 327 4249 457 4324; x_wconf 87' lang='lat' dir='ltr'>omuino,</span> <span class='ocrx_word' id='word_1_257' title='bbox 474 4257 507 4310; x_wconf 86' lang='lat' dir='ltr'>et</span> <span class='ocrx_word' id='word_1_258' title='bbox 524 4247 673 4328; x_wconf 74' lang='lat' dir='ltr'>indignius</span> <span class='ocrx_word' id='word_1_259' title='bbox 692 4245 814 4306; x_wconf 85' lang='lat' dir='ltr'>tractari</span> <span class='ocrx_word' id='word_1_260' title='bbox 835 4245 969 4324; x_wconf 91' lang='lat' dir='ltr'>potuisse</span> <span class='ocrx_word' id='word_1_261' title='bbox 983 4265 1061 4320; x_wconf 88' lang='lat' dir='ltr'>eum,</span> <span class='ocrx_word' id='word_1_262' title='bbox 1076 4247 1129 4326; x_wconf 92' lang='lat' dir='ltr'>qui</span> <span class='ocrx_word' id='word_1_263' title='bbox 1143 4249 1287 4311; x_wconf 77' lang='lat' dir='ltr'>Charide-</span> 
     </span>
     <span class='ocr_line' id='line_1_34' title="bbox 184 4338 1289 4421; baseline -0.002 -16"><span class='ocrx_word' id='word_1_264' title='bbox 184 4365 264 4406; x_wconf 85' lang='lat' dir='ltr'>mum</span> <span class='ocrx_word' id='word_1_265' title='bbox 278 4342 470 4415; x_wconf 76' lang='lat' dir='ltr'>interfecerit,</span> <span class='ocrx_word' id='word_1_266' title='bbox 485 4360 574 4421; x_wconf 89' lang='lat' dir='ltr'>quam</span> <span class='ocrx_word' id='word_1_267' title='bbox 595 4338 747 4400; x_wconf 87' lang='lat' dir='ltr'>communi</span> <span class='ocrx_word' id='word_1_268' title='bbox 769 4338 827 4398; x_wconf 91' lang='lat' dir='ltr'>isto</span> <span class='ocrx_word' id='word_1_269' title='bbox 846 4341 1007 4416; x_wconf 71' lang='grc' dir='ltr'>ἀπαγωγῆς</span> <span class='ocrx_word' id='word_1_270' title='bbox 1027 4340 1087 4402; x_wconf 89' lang='lat' dir='ltr'>ritu</span> <span class='ocrx_word' id='word_1_271' title='bbox 1109 4341 1139 4400; x_wconf 88' lang='lat' dir='ltr'>in</span> <span class='ocrx_word' id='word_1_272' title='bbox 1154 4342 1289 4418; x_wconf 84' lang='lat' dir='ltr'>quemvis</span> 
     </span>
     <span class='ocr_line' id='line_1_35' title="bbox 182 4431 1286 4514; baseline -0.005 -16"><span class='ocrx_word' id='word_1_273' title='bbox 182 4435 433 4498; x_wconf 86' lang='lat' dir='ltr'>aliumordinario</span> <span class='ocrx_word' id='word_1_274' title='bbox 445 4445 510 4496; x_wconf 88' lang='lat' dir='ltr'>erat</span> <span class='ocrx_word' id='word_1_275' title='bbox 523 4442 678 4494; x_wconf 82' lang='lat' dir='ltr'>statutum.</span> <span class='ocrx_word' id='word_1_276' title='bbox 718 4432 765 4490; x_wconf 90' lang='lat' dir='ltr'>lta</span> <span class='ocrx_word' id='word_1_277' title='bbox 779 4431 857 4491; x_wconf 89' lang='lat' dir='ltr'>enim</span> <span class='ocrx_word' id='word_1_278' title='bbox 872 4431 939 4498; x_wconf 84' lang='lat' dir='ltr'>ille:</span> <span class='ocrx_word' id='word_1_279' title='bbox 959 4431 991 4493; x_wconf 80' lang='grc' dir='ltr'>ἔν</span> <span class='ocrx_word' id='word_1_280' title='bbox 1003 4455 1038 4508; x_wconf 83' lang='grc' dir='ltr'>γι</span> <span class='ocrx_word' id='word_1_281' title='bbox 1051 4437 1090 4514; x_wconf 67' lang='grc' dir='ltr'>πᾷ</span> <span class='ocrx_word' id='word_1_282' title='bbox 1100 4441 1193 4493; x_wconf 69' lang='grc' dir='ltr'><strong><em>ποιεῖν</em></strong></span> <span class='ocrx_word' id='word_1_283' title='bbox 1208 4436 1286 4509; x_wconf 74' lang='lat' dir='ltr'>dyd-</span> 
     </span>
     <span class='ocr_line' id='line_1_36' title="bbox 186 4521 1288 4612; baseline -0.005 -24"><span class='ocrx_word' id='word_1_284' title='bbox 186 4545 283 4612; x_wconf 66' lang='lat' dir='ltr'>yqrw,</span> <span class='ocrx_word' id='word_1_285' title='bbox 302 4529 397 4603; x_wconf 64' lang='lat' dir='ltr'>sirii,</span> <span class='ocrx_word' id='word_1_286' title='bbox 416 4529 473 4591; x_wconf 77' lang='grc' dir='ltr'>ὅσα</span> <span class='ocrx_word' id='word_1_287' title='bbox 492 4531 641 4609; x_wconf 73' lang='grc' dir='ltr'><strong><em>ἀπείρηκεν</em></strong></span> <span class='ocrx_word' id='word_1_288' title='bbox 660 4527 677 4584; x_wconf 82' lang='grc' dir='ltr'><strong>ὁ</strong></span> <span class='ocrx_word' id='word_1_289' title='bbox 698 4527 795 4604; x_wconf 77' lang='grc' dir='ltr'><em>νόμας,</em></span> <span class='ocrx_word' id='word_1_290' title='bbox 815 4521 948 4600; x_wconf 67' lang='grc' dir='ltr'>δέδωκας,</span> <span class='ocrx_word' id='word_1_291' title='bbox 961 4527 1095 4606; x_wconf 66' lang='grc' dir='ltr'>χρήματα</span> <span class='ocrx_word' id='word_1_292' title='bbox 1115 4523 1288 4606; x_wconf 65' lang='grc' dir='ltr'>πράξασθαι,</span> 
     </span>
    </p>
   </div>
   <div class='ocr_carea' id='block_1_7' title="bbox 0 0 1500 4900">
    <p class='ocr_par' dir='ltr' id='par_1_8' title="bbox 0 0 1500 4900">
     <span class='ocr_line' id='line_1_37' title="bbox 0 0 1500 4900; baseline 0 0"><span class='ocrx_word' id='word_1_293' title='bbox 0 0 1500 4900; x_wconf 95' lang='lat' dir='ltr'> </span> 
     </span>
    </p>
   </div>
  </div>
 </body>
</html>
